3340 5164
765 402 802 468 91

205 592 287 668 gotio
310 590 453 659 admovit,
477 591 610 652 nondum
626 593 787 672 diligenter
808 594 888 654 inter
911 613 941 655 se
958 594 1119 656 contulisse
1143 605 1172 657 et
1194 615 1249 676 pro
1272 597 1368 674 digni·

204 700 265 753 tate
299 711 403 754 earum
436 695 467 753 in
497 712 620 754 censum
649 695 797 775 quendam
831 705 860 756 et
888 696 1025 757 ordinem
1054 697 1229 774 digessisse,
1263 699 1368 759 sedin

204 793 406 855 diiudicandis
435 794 619 856 lectionibus
647 799 737 858 variis
766 796 962 877 versibusque
986 806 1016 859 et
1044 801 1182 877 genuinis
1210 807 1240 860 et
1269 799 1368 860 subdi·

204 896 286 955 ticiis
308 896 388 954 inter
411 913 443 956 se
466 896 676 974 dignoscendis
706 917 760 958 suo
792 900 930 976 ingenio,
961 899 1114 961 doctrinae
1150 911 1179 960 et
1207 918 1309 962 rerum
1338 909 1368 961 et

206 996 347 1056 dictionis
362 999 497 1076 poeticae
515 1001 680 1075 cognitioni
702 999 873 1080 plusquam
889 1009 1047 1062 accuratae
1071 1009 1100 1061 et
1123 1004 1217 1063 iustae
1233 1010 1368 1063 veterum

204 1095 353 1159 librorum
376 1101 578 1160 aestimationi
600 1100 743 1161 tribuisse
766 1100 894 1162 videtur.
938 1101 1012 1162 Nam
1036 1091 1260 1182 diplomaticam
1292 1121 1367 1183 quae
1453 1111 1455 1114 ‘

203 1207 327 1260 vocatur
348 1199 451 1269 tidem,
476 1201 511 1260 ad
535 1220 623 1281 quam
646 1202 838 1263 Aristarchus
866 1203 985 1263 demum
1008 1203 1236 1264 Homericorum
1259 1207 1367 1264 carmi-

205 1319 276 1361 num
299 1308 415 1361 textum
438 1302 617 1379 exigendum
641 1321 705 1364 esse
729 1303 875 1365 intellexit
898 1313 927 1365 et
950 1307 1071 1382 exigere
1094 1323 1282 1384 summopere
1306 1312 1367 1365 stu·

205 1402 269 1462 duit
280 1397 330 1479 57),
354 1401 488 1463 Rhianus
511 1405 542 1463 in
566 1423 618 1465 sua
641 1405 774 1466 editione
797 1405 930 1466 curanda
953 1408 995 1466 ita
1018 1414 1135 1467 tantum
1158 1413 1290 1467 sectatus
1312 1414 1366 1479 est,

204 1511 238 1563 ut
259 1505 339 1564 inter
362 1504 558 1583 quadraginta
587 1508 718 1586 quinque
740 1506 900 1575 lectiones,
929 1526 1005 1588 quae
1028 1509 1093 1567 eius
1117 1509 1235 1568 nomine
1264 1509 1367 1568 lerun-

204 1611 268 1672 tur,
298 1611 366 1673 octo
395 1623 431 1664 ex
460 1607 550 1666 variis
584 1607 718 1668 lontibus
752 1609 902 1678 hauriret,
937 1617 1054 1670 ceteras
1091 1609 1288 1670 coniectando
1323 1612 1367 1669 ln-

204 1712 306 1767 ventas
329 1724 382 1766 suo
404 1707 496 1768 Marte
519 1717 653 1786 poneret.
699 1708 899 1790 Quamquam,
923 1729 998 1790 quae
1022 1717 1066 1770 est
1091 1710 1274 1771 scholiorum
1296 1729 1367 1770 con·

205 1809 299 1877 dicio,
328 1807 452 1868 miuIme
482 1810 588 1887 ignoro
610 1810 665 1871 hos
688 1829 829 1872 numeros
851 1829 911 1870 non
939 1828 1045 1871 vacare
1073 1810 1110 1871 ab
1140 1814 1221 1871 omui
1249 1810 1367 1885 dubita·

203 1912 300 1970 tione:
324 1911 392 1988 qui-s
415 1912 495 1970 enim
518 1903 636 1990 estqui
659 1914 747 1982 sciat,
774 1931 845 1972 num
868 1912 1028 1981 lectiones,
1057 1911 1168 1991 quihus
1191 1911 1367 1973 scholiastae

204 2019 323 2088 praeter
334 2011 442 2072 Rhiani
454 2030 562 2073 nomen
577 2011 649 2072 nihil
663 2013 838 2083 adiecerint,
851 2032 955 2073 omnes
964 2032 997 2073 re
1010 2015 1277 2074 veraconiecturae
1290 2013 1368 2074 sinti

205 2115 272 2192 quis
284 2113 454 2182 contendet,
471 2116 497 2174 si
512 2107 615 2194 plures
628 2114 771 2174 lectiones
784 2117 849 2175 eius
864 2115 899 2176 ad
913 2134 967 2176 nos
980 2121 1160 2194 propagatae
1173 2121 1282 2188 essent,
1291 2114 1367 2174 hanc

205 2233 294 2295 quam
307 2232 387 2275 nunc
401 2217 560 2276 statuimus
572 2217 716 2275 rationem
735 2223 764 2275 et
777 2219 1017 2277 coniecturarum
1032 2223 1061 2275 ot
1074 2215 1236 2275 lectionum
1248 2215 1367 2276 aliunde

205 2322 412 2395 susceptarum
435 2315 522 2395 plane
546 2317 669 2376 eandem
692 2335 917 2395 permansuram
941 2319 1052 2378 luisse?
1075 2316 1112 2376 At
1134 2323 1240 2376 contra
1256 2316 1311 2376 hac
1335 2334 1367 2376 re

204 2417 354 2478 Zenodoto
368 2415 523 2478 dissimilis
536 2418 594 2476 luit
606 2424 636 2477 et
648 2418 829 2495 singularem
842 2421 873 2479 in
884 2417 1044 2479 iudicando
1057 2417 1274 2479 firmitudinem
1287 2437 1368 2478 com·

205 2517 356 2599 probavit,
380 2519 456 2598 quod
482 2521 512 2578 in
535 2521 709 2580 universum
731 2520 843 2582 iudicio
866 2520 1079 2598 temperatiore
1103 2526 1132 2579 et
1153 2519 1246 2580 multo
1269 2521 1369 2579 miuus

206 2620 313 2680 arulaci
335 2638 424 2700 quam
447 2619 496 2679 ille
520 2619 661 2681 utebatur
691 2629 720 2682 et
743 2628 876 2681 veterum
900 2621 1065 2681 editionum
1088 2623 1250 2681 memoriae
1273 2622 1369 2697 magis

205 2729 293 2781 tenax
316 2729 394 2789 erat,
419 2721 448 2780 id
472 2721 550 2801 quod
573 2740 641 2782 eum
664 2742 700 2782 cx
722 2720 746 2783 Α
767 2719 809 2807 197
834 2719 888 2802 (7),
918 2720 970 2781 ubi
992 2721 1125 2782 Rhianus
1148 2707 1253 2783 contra
1275 2722 1368 2781 Zeno·

205 2824 308 2884 dotum
330 2821 545 2883 Massiliensem
573 2823 736 2884 editionem
765 2831 887 2884 secutus
916 2822 1081 2884 Aristarchi
1110 2841 1263 2884 assensum
1290 2822 1367 2892 tulit,

159 2938 161 2942 ·
205 2933 270 2985 tum
293 2942 363 2984 vero
387 2943 422 2984 ex
445 2923 685 2985 athetasihus
707 2924 816 2994 elucet,
839 2923 995 3004 inquibus
1017 2926 1230 3003 grammaticus
1251 2924 1299 2984 ille
1323 2925 1368 2983 in-

205 3027 431 3104 geniosissimus
454 3026 534 3085 inter
557 3043 661 3086 omnes
684 3026 815 3086 editores
844 3027 972 3085 maxime
995 3024 1056 3085 sibi
1078 3025 1200 3086 indulsit
1223 3032 1252 3085 et
1275 3026 1369 3086 iustos

205 3128 279 3187 fines
302 3145 513 3206 nonnunquam
537 3133 676 3204 evagatus
699 3135 758 3194 est;
801 3145 868 3186 nam
897 3129 927 3186 in
956 3125 1093 3186 versibus
1116 3126 1254 3187 omnihus
1277 3146 1293 3186 a
1315 3126 1369 3186 Ze·
1394 3191 1395 3194 ,

206 3227 316 3288 nodoto
340 3235 391 3288 aut
413 3229 518 3288 eiectis
541 3235 593 3288 aut
616 3225 704 3287 obelo
722 3229 860 3308 apposito
879 3226 1026 3288 damnatis
1042 3227 1176 3288 Rhianus
1198 3247 1257 3289 non
1280 3247 1369 3290 ausus

206 3337 252 3390 est
274 3331 302 3389 ei
325 3330 467 3388 assentiri
490 3336 519 3388 et
542 3330 606 3408 ipse
630 3347 689 3389 non
712 3329 889 3408 plusquam
914 3327 1011 3389 trihus
1033 3328 1107 3389 locis
1123 3330 1281 3390 nonnullos
1304 3348 1369 3389 ver·

206 3449 257 3491 sus
280 3428 317 3489 ah
340 3429 469 3489 Homero
486 3428 684 3496 abiudicavit,
708 3432 738 3489 in
762 3428 872 3507 quihus
894 3449 1075 3510 quamquam
1103 3448 1163 3489 non
1192 3437 1236 3490 est
1264 3449 1318 3490 our
1341 3432 1369 3489 ei

205 3548 329 3611 prorsus
352 3530 569 3610 obsequamur,
598 3529 748 3592 laudabile
771 3539 871 3591 tamen
895 3539 939 3591 est
963 3533 1028 3591 eius
1051 3531 1200 3598 studium,
1230 3549 1289 3610 quo
1313 3533 1369 3590 im·

206 3633 310 3711 pedire
333 3631 442 3701 voluit,
472 3651 508 3691 ne
532 3632 680 3692 Homerus
707 3651 810 3691 secum
838 3633 1001 3711 pugnantia
1024 3640 1075 3692 aut
1098 3650 1317 3709 supervacanea
1340 3641 1369 3692 et

206 3725 345 3810 languida
378 3733 567 3812 loqueretur,
603 3740 633 3792 et
667 3751 725 3792 uno
755 3732 821 3794 loco
849 3735 868 3794 h
892 3729 952 3793 158
973 3752 1016 3812 sq.
1041 3729 1081 3811 (2)
1115 3740 1235 3812 praeter
1268 3741 1370 3794 cetera

207 3836 298 3895 etiam
320 3833 463 3894 Zenodoti
487 3835 670 3912 argumentis
692 3833 811 3894 videtur
833 3841 931 3894 motus
954 3829 1075 3913 esse.⁵⁸)

275 4171 318 4234 57)
337 4167 379 4222 De
398 4166 552 4223 Aristarchi
575 4167 729 4222 rationibus
752 4167 854 4223 criticis
878 4169 968 4236 deque
986 4167 1127 4223 'Zenodoti
1149 4169 1185 4222 ab
1210 4168 1369 4224 Aristarcho

208 4251 366 4306 differentia
384 4253 431 4306 cfr.
451 4252 579 4306 Lehrsius
597 4252 680 4306 Arist.
698 4271 726 4322 p.
746 4258 889 4308 ata-386.
1193 4326 1197 4332 ³

275 4337 321 4404 58)
340 4335 412 4391 Hinc
437 4336 517 4406 patet
542 4353 642 4408 parum
663 4337 738 4391 recte
766 4336 889 4392 iudicare
913 4337 1149 4408 Sengebusehium
1172 4337 1254 4390 Hom.
1277 4337 1371 4394 disat
