3340 5164
832 365 982 464 ja—

325 558 405 622 ςίοιο
427 555 522 634 αἴγλη
545 553 770 635 παμφανόωςα
797 555 847 618 δι’
875 554 1038 635 αἰθέρος
1066 555 1210 634 οὐρανόν
1238 555 1306 622 ῐκεν
1329 568 1360 620 et
1383 559 1407 622 Ρ
1428 557 1498 623 425

325 658 481 737 ςιδήρειος
503 656 686 738 ὀρυμαγδὸς
713 656 852 736 χάλκεον
881 655 1024 736 οὐρανόν
1051 657 1099 722 ἰκε
1125 658 1177 723 δι’
1206 657 1368 739 αἰθέρος
1395 659 1497 740 ἀτρυ-

324 761 449 842 γέτοιο,
472 760 525 821 ubi
547 779 623 839 quae
646 759 715 819 inde
739 779 754 820 a
779 768 859 820 terra
882 763 913 820 in
937 758 1080 837 οὐρανόν
1095 769 1268 840 penetrant,
1292 783 1347 842 per
1369 765 1496 825 aethera

327 870 439 933 meaot;
464 863 518 924 cir.
534 857 744 922 etiamT350.
768 861 850 922 Hanc
865 861 903 923 oh
919 881 1037 924 causam
1059 863 1190 924 aether
1211 867 1368 944 propius
1384 866 1498 928 abest

326 987 342 1027 a
358 973 460 1026 terra
476 981 565 1043 quam
582 959 758 1038 οὐρανός
774 970 804 1022 et
818 962 855 1024 ab
871 962 1043 1024 hominihus
1059 965 1189 1044 conspici
1213 972 1324 1044 potesb
1354 985 1421 1027 cum
1437 987 1496 1028 nu-

327 1068 395 1136 bes,
419 1083 495 1145 quae
518 1063 592 1124 caeli
615 1071 719 1142 portae
742 1063 930 1143 appellantur
949 1063 1019 1142 loir.
1043 1062 1151 1127 6749.
1168 1064 1195 1126 Θ
1210 1062 1273 1127 393
1296 1085 1364 1127 cum
1387 1068 1495 1148 schol.)

327 1170 468 1230 disiectae
491 1173 575 1226 sunt:
598 1164 631 1228 Π
652 1161 715 1226 300
738 1173 766 1226 et
789 1164 815 1226 Θ
838 1163 901 1228 558
924 1163 959 1228 ἔκ
979 1164 1011 1228 τ’
1034 1163 1156 1245 ἔφανεν
1179 1167 1273 1229 πάςαι
1296 1167 1421 1231 ςκοπιαὶ
1443 1171 1498 1233 καὶ

326 1266 477 1348 πρώονες
498 1264 590 1345 ἄκροι
611 1266 662 1329 καί
683 1264 799 1347 νάπαι,
828 1265 1005 1345 οὐρανόθεν
1026 1266 1060 1328 b'
1087 1265 1143 1344 ἄρ’
1171 1267 1334 1346 ὑπερράγη
1357 1266 1497 1334 άςπετος

328 1368 457 1450 αἰθήρ,
480 1377 510 1430 ot
533 1367 556 1432 Ρ
577 1365 633 1430 371
663 1365 692 1430 οἱ
715 1366 749 1430 δ’
771 1366 863 1431 ἀλλοι
886 1368 994 1445 Τρῶες
1016 1368 1067 1430 καὶ
1088 1367 1271 1448 ἐυκνήμιδες
1292 1368 1414 1448 Ἀχαιοὶ
1443 1370 1497 1435 εὔ-

328 1474 419 1548 κηλοι
441 1469 615 1548 πολέμιζον
644 1467 709 1532 ὑπ’
737 1467 880 1549 αἰθέρι,
909 1469 1053 1532 πέπτατο
1087 1469 1121 1532 δ’
1148 1469 1230 1548 αὐγὴ
1258 1469 1367 1546 ἠελίου
1396 1470 1498 1555 ὀξεῖα,

329 1571 432 1651 νέφος
460 1570 494 1635 δ’
523 1569 563 1634 οὐ
586 1570 721 1650 φαίνετο
750 1570 852 1649 πάςης
879 1570 970 1649 γαίης
997 1564 1072 1634 οὐδ’
1101 1569 1217 1650 ὀρέων.
1257 1573 1350 1633 Simul
1380 1593 1417 1634 ex
1447 1577 1498 1636 his

329 1673 468 1735 versibus
483 1675 671 1734 manifestum
688 1679 746 1744 ost,
763 1672 874 1751 αἰθέρα
886 1676 1008 1752 cogitari
1026 1693 1083 1734 non
1099 1693 1186 1754 posse
1203 1676 1260 1735 nisi
1276 1694 1395 1754 puram,
1412 1696 1496 1738 sere-

329 1797 412 1846 nam,
437 1783 557 1837 aeterna
581 1776 647 1836 luce
671 1774 894 1854 splendentem,
919 1794 974 1836 nec
997 1775 1127 1836 nubibus
1149 1795 1204 1836 nec
1226 1777 1323 1837 imbre
1345 1796 1401 1837 nec
1423 1798 1497 1840 ven·

329 1881 368 1940 tis
401 1877 564 1952 turbatam,
600 1884 632 1937 ut
655 1876 787 1937 Eustath.
817 1897 846 1956 p.
872 1874 942 1946 729,
965 1874 1008 1938 34
1038 1874 1057 1938 ὁ
1090 1873 1294 1954 ὑψηλότατος
1327 1878 1378 1940 καὶ
1410 1879 1498 1958 φωτὶ

330 1976 534 2058 λαμπόμενος
562 1975 622 2053 ἀήρ
646 1985 676 2037 et
700 1975 794 2048 1110,
818 1976 875 2047 23,
909 1977 961 2039 ubi
994 1976 1105 2057 αἰθέρα
1132 1984 1271 2058 usurpari
1301 1981 1414 2041 indicat
1444 1979 1499 2044 ἐπὶ

329 2077 452 2160 αἰθρίας
473 2078 523 2142 καὶ
545 2080 686 2155 καθαροῦ
708 2078 759 2140 καὶ
781 2077 945 2158 ἀνεφέλου
973 2077 1070 2159 ἀέρος
1092 2079 1173 2159 παρ’
1201 2080 1344 2164 Ὁμήρῳ,
1375 2081 1437 2159 ἀήρ
1460 2083 1498 2146 δὲ

329 2183 349 2261 ή
372 2179 506 2260 άοραςία
528 2181 580 2244 καὶ
601 2179 767 2262 ςκότυιςιε,
791 2181 968 2262 quibuscum
991 2185 1129 2243 conferre
1158 2185 1239 2244 iuvat
1266 2185 1429 2244 locutiones
1452 2193 1499 2246 sat

331 2290 504 2365 frequentes
527 2282 668 2361 ἐκάλυψε
691 2282 725 2347 δ’
747 2280 804 2362 ἄρ’
824 2282 894 2362 ἠέρι
916 2286 1022 2368 πολλῇ
1047 2285 1077 2364 (Γ
1099 2281 1171 2363 381)
1201 2293 1231 2346 et
1252 2283 1334 2347 κατά
1355 2283 1389 2347 δ’
1416 2283 1499 2363 ἠέρα

331 2385 457 2451 πουλὺν
480 2383 591 2463 ἔχευεν
609 2384 645 2464 (Θ
666 2381 717 2465 50)
733 2393 764 2446 et
786 2405 871 2448 usum
888 2387 1100 2447 adiectivorum
1117 2389 1340 2448 notissimorum
1362 2383 1498 2468 ήερόεις,

331 2489 408 2571 quod
438 2494 484 2549 est
511 2487 628 2548 Tartari
658 2487 811 2568 epitheton
840 2487 866 2549 Θ
897 2484 952 2556 13,
987 2485 1168 2564 ἠεροειδής,
1196 2488 1275 2566 quod
1304 2488 1340 2547 de
1368 2488 1498 2549 obscuro

331 2593 422 2652 maris
445 2590 543 2650 colore
566 2587 596 2650 Ψ
619 2586 695 2658 744,
720 2590 756 2650 de
779 2599 864 2650 antro
888 2573 1077 2650 tenebricoso
1099 2610 1119 2668 μ
1142 2586 1184 2651 80
1205 2599 1379 2670 usurpatur,
1403 2588 1497 2668 ἠερο-

332 2694 457 2772 φοῖτις,
480 2710 536 2772 qua
561 2689 759 2771 appellatione
787 2692 895 2772 Erinys
920 2688 1010 2753 1571
1042 2700 1072 2752 et
1092 2690 1118 2754 Τ
1140 2689 1181 2753 87
1210 2691 1407 2753 describitur:
1441 2694 1496 2753 cir.

333 2793 530 2856 Doederlinus
559 2794 697 2871 glossarii
725 2793 738 2852 l
765 2810 793 2871 p,
816 2790 837 2855 5
858 2814 901 2874 sq.
930 2813 959 2854 n.
987 2790 1007 2854 6
1036 2801 1066 2854 et
1095 2791 1169 2872 2⁵⁰)
1215 2794 1292 2855 Hinc
1322 2795 1412 2853 etiam
1446 2795 1496 2855 lux

334 2900 456 2961 ailertur
478 2898 578 2956 versui
602 2893 628 2957 Θ
650 2892 713 2957 556
736 2892 780 2956 circ
803 2894 836 2958 δ’
859 2893 911 2958 ὅτ’
933 2893 969 2958 έν
992 2893 1123 2978 οὐρανῷ
1146 2893 1243 2973 ἄςτρα
1257 2896 1394 2973 φαεινὴν
1417 2893 1499 2974 ἀμφὶ

333 2999 468 3076 ςελήνην
506 2995 636 3076 φαίνετ’
672 2994 865 3077 ἀριπρεπέα,
904 2993 959 3059 ὅτε
980 2995 1016 3059 τ’
1051 2994 1167 3059 ἔπλετο
1200 2996 1338 3075 νήνεμος
1371 2995 1497 3076 αἰθήρ,

333 3099 438 3164 πάντα
460 3097 496 3162 δέ
516 3097 549 3161 τ’
572 3095 686 3161 εἴδεται
708 3095 818 3177 άςτρα·
841 3098 955 3176 γέγηθε
977 3098 1014 3162 δέ
1034 3119 1070 3162 τε
1085 3097 1191 3178 φρένα
1211 3097 1329 3178 ποιμήν
1353 3106 1421 3168 cet,
1444 3098 1498 3159 ubi

333 3223 387 3283 per
409 3203 613 3281 pleonasmum
635 3201 700 3260 voci
723 3198 814 3279 αἰθήρ
845 3202 997 3280 epitheton
1025 3200 1164 3280 νήνεμος
1185 3201 1344 3270 tribuitur,
1373 3207 1406 3259 ut
1428 3200 1497 3261 inde

334 3323 392 3365 ιιοιι
416 3303 504 3362 liceat
526 3301 719 3371 concludere,
749 3300 860 3380 αἰθέρα
888 3305 973 3365 etiam
1004 3301 1196 3381 ἠνεμόεςςαν
1225 3302 1285 3362 dici
1307 3319 1405 3381 posse.
1443 3302 1497 3363 Cui

333 3409 379 3468 rei
403 3424 462 3466 non
484 3405 654 3480 refragatur
677 3423 695 3466 ο
718 3399 782 3465 293
803 3405 902 3467 τοῖςιν
925 3403 959 3467 δ’
979 3401 1110 3483 ἴκμενον
1127 3401 1228 3481 οὖρον
1250 3400 1291 3466 ἵει
1313 3404 1498 3478 γλαυκῶπις

334 3506 464 3588 Ἀθήνη,
491 3503 612 3584 λάβρον
635 3503 839 3580 ἐπαιγίζοντα
860 3505 905 3569 δι’
933 3504 1077 3586 αἰθέρος,
1105 3526 1172 3567 nam
1201 3540 1242 3550 —
1269 3513 1302 3566 ut
1330 3507 1498 3566 rectissime

335 3611 505 3671 observavit
520 3608 662 3669 Lehrsius
678 3608 698 3669 l.
714 3609 733 3669 l.
750 3627 778 3688 p.
796 3603 857 3668 170
870 3643 907 3652 -
924 3607 991 3669 ‘hoo
1008 3610 1044 3669 de
1068 3610 1215 3670 industria
1229 3609 1360 3686 positum
1383 3617 1443 3677 est,
1467 3614 1500 3667 ut

335 3711 541 3789 intellegamus
575 3711 697 3781 aeriter,
738 3711 789 3771 sed
822 3711 951 3772 iucunde
985 3711 1106 3772 ssantem
1140 3718 1261 3770 ventum
1292 3711 1383 3770 luisse
1416 3710 1498 3770 caelo

337 3831 444 3874 sereno
467 3830 571 3871 navem
593 3813 732 3873 celeriter
754 3813 978 3891 impellentem'
1016 3812 1072 3872 Sed
1097 3818 1236 3892 quattuor
1259 3818 1373 3871 restant
1395 3829 1499 3872 versus

336 3917 387 3995 qui
410 3931 498 3991 aegre
528 3912 694 3992 dirigantur
723 3914 759 3974 ad
788 3914 864 3974 hanc
891 3914 1108 3994 interpretandi
1136 3932 1270 3974 normam
1299 3931 1332 3973 ac
1356 3913 1498 3990 regulam,

336 4037 404 4078 cum
427 4015 531 4076 aether
553 4023 583 4076 et
605 4021 656 4076 aer
683 4017 763 4076 inter
790 4035 821 4077 se
850 4017 992 4077 conlundi
1020 4016 1191 4077 videantur:
1221 4034 1288 4075 nam
1311 4013 1337 4075 Ο
1360 4011 1416 4085 20,
1446 4015 1498 4077 nbi

403 4255 445 4318 50)
465 4249 519 4304 Ofr.
540 4249 625 4304 eliam
643 4248 728 4304 schol.
748 4249 785 4304 ad
804 4249 888 4320 Soph.
911 4249 953 4304 El.
971 4255 1004 4305 87
1026 4249 1190 4317 ((ἰςόμοιρον
1213 4249 1243 4303 δέ
1260 4253 1312 4316 γῆς
1330 4247 1420 4315 ἀέρα»
1438 4251 1501 4304 τόν

335 4338 461 4390 ςκότον
479 4335 574 4405 φηςίν,
592 4335 640 4389 ἵνα
657 4336 692 4389 τό
710 4335 802 4403 ςφάος
815 4337 921 4402 ἁγνὸν»
939 4335 1205 4402 ἀντιδιαςτέλληται.
