3340 5164
895 357 938 423 52

336 543 408 609 065.
444 546 514 628 Tyr.
541 544 603 609 471
638 544 657 610 ὁ
689 546 771 612 Διὸε
803 546 936 622 γενέτα(
970 545 1174 627 (Ἀπόλλων),
1207 547 1309 629 Eurip.
1344 551 1406 611 lon.
1438 547 1504 614 916

336 648 471 730 (Nauck.)
496 648 514 711 ὁ
537 647 573 713 b’
600 647 676 727 ἐμόε
704 648 837 724 γενέτα(
864 649 913 712 καὶ
942 647 1011 724 cde,
1036 652 1067 710 16
1095 651 1190 729 epigr.
1220 649 1360 731 (166163
1389 653 1502 714 661561.

334 752 398 813 Pal.
428 752 440 812 l
469 770 497 829 p.
528 747 570 812 58
595 752 727 813 Phoenix
763 753 931 832 appellatur
957 749 1087 828 γενέτηε
1116 754 1302 832 Amyntoris;
1335 757 1501 833 composita

335 853 443 914 similia
471 852 564 914 babes
591 853 668 932 apud
697 853 886 914 Timotheum
914 854 1039 934 lyricum
1070 853 1230 931 (Plutarch.
1260 855 1296 914 56
1318 854 1399 916 Alex.
1429 856 1500 918 fort.

335 962 363 1015 et
386 957 454 1016 virt.
483 974 512 1034 p.
535 951 600 1016 334
614 953 643 1031 b)
671 953 729 1017 τὸν
756 953 933 1029 γαγενέταν
966 951 1125 1032 ἄργυρον,
1155 955 1234 1014 6615.
1268 955 1332 1016 Ρ61.
1362 953 1501 1036 111524,

337 1053 376 1117 19
409 1053 661 1134 (εμεληγενέτην
695 1056 731 1117 56
754 1057 886 1128 baccho,
921 1056 996 1118 ibid.
1019 1053 1097 1128 525,
1128 1054 1168 1117 19
1200 1056 1429 1135 εελαηγενέτην
1463 1060 1501 1119 56
1539 1133 1547 1144 ,
1666 1037 1667 1048 ¹

334 1157 469 1237 Apolline
492 1158 622 1228 dictum,
652 1157 725 1218 ibid.
748 1158 803 1219 llll
833 1155 894 1220 195
917 1158 1015 1219 Strato
1038 1155 1206 1235 εὐγενέτηε
1235 1159 1311 1219 dixit
1331 1177 1386 1238 pro
1409 1157 1501 1234 εὐγε-

333 1257 400 1334 νήε.
439 1258 535 1331 Quare
559 1278 617 1320 non
641 1267 701 1328 est,
730 1260 807 1340 quod
835 1279 902 1320 cum
926 1257 1500 1339 1151666αἰθρηγενέτηετ666666666;

335 1361 413 1440 quod
437 1368 535 1421 autem
559 1363 623 1440 ipse
646 1359 802 1421 substituit
829 1358 1051 1442 αἰθρηγενεήε,
1080 1379 1256 1440 quamquam
1288 1368 1409 1441 praeter
1431 1363 1499 1423 dri-

335 1462 508 1540 stophanem
540 1463 629 1522 etiam
659 1461 792 1524 Nauchio
821 1461 945 1542 placuit,
983 1468 1082 1524 tamen
1111 1480 1178 1522 cum
1207 1480 1330 1541 prorsus
1359 1463 1498 1526 insolenti

334 1564 449 1625 ratione
477 1564 636 1624 formatum
672 1564 781 1625 nullius
809 1566 872 1626 tere
907 1563 1034 1645 exempli
1066 1563 1236 1626 subnitatur
1264 1562 1499 1646 6661661161639),

336 1662 553 1744 explodendum
578 1683 642 1725 esse
665 1665 812 1726 existimo.

285 1754 328 1819 16
419 1761 529 1828 ε393.
575 1766 674 1827 Vlixes
695 1773 851 1847 postquam
875 1765 998 1828 biduum
1028 1769 1058 1828 16
1083 1766 1253 1828 turbulento
1276 1769 1351 1828 mari
1375 1770 1498 1840 natavit,

332 1869 423 1928 tertio
454 1867 572 1928 tandem
599 1867 648 1928 516
677 1874 853 1945 tempestate
883 1868 982 1928 sedata
1012 1874 1123 1930 terram
1154 1867 1230 1928 baud
1259 1869 1363 1946 procul
1391 1869 1498 1931 abesse

333 1970 484 2048 cognovit,
508 1985 596 2048 quam
620 1969 715 2047 ipsam
739 1971 894 2048 conspexit
917 1986 1021 2046 magna
1043 1969 1122 2031 unda
1144 1971 1174 2030 in
1197 1969 1287 2030 altum
1311 1971 1461 2032 sublatus:

823 2068 842 2134 ὁ
864 2069 898 2133 b'
920 2068 984 2148 ἄρα
1006 2069 1120 2148 εχεδόν
1143 2067 1239 2134 elohe
1261 2074 1368 2151 γαῖαν,

459 2167 515 2238 ὀξὺ
539 2170 622 2251 μάλα
644 2170 806 2253 προϊδών,
829 2170 970 2252 μεγάλου
992 2170 1069 2237 ὑπὸ
1092 2171 1230 2252 κύματος
1253 2171 1366 2251 ἀρθείς.

333 2273 523 2336 Manifestum
545 2280 592 2334 est
613 2273 716 2334 ultima
732 2273 821 2334 verba
838 2278 1018 2354 epexegesin
1034 2275 1496 2358 6156666666116161166615ών,

333 2384 503 2438 61666666
537 2375 685 2446 indicare,
719 2394 775 2455 qua
803 2376 913 2438 lactum
941 2379 993 2447 sit,
1028 2384 1061 2437 ut
1092 2384 1151 2437 tam
1185 2384 1270 2437 acute
1298 2379 1496 2457 prospiceret.

333 2477 436 2558 Neque
460 2495 530 2537 vero
553 2476 640 2537 aliam
664 2479 843 2538 sententiam
867 2478 999 2556 intellegi
1024 2478 1275 2548 voluitlihianus,
1300 2480 1350 2558 qui
1367 2476 1419 2542 ἐπί
1440 2497 1497 2557 pro

333 2577 535 2660 1165666615
560 2574 799 2641 6665611165
828 2577 1015 2658 κύματοε·
1044 2577 1079 2641 ἐν
1108 2583 1145 2661 τῇ
1173 2577 1424 2658 Ἀριετοφάνου(
1446 2579 1497 2644 καὶ
1547 2635 1549 2640 .

331 2678 460 2745 Ῥιανοῦ
483 2678 547 2744 ἐπὶ
568 2676 750 2758 κύματος.
774 2680 809 2741 ll.
849 2681 907 2742 Sed
931 2689 1046 2742 utrem
1071 2681 1231 2742 dilucidius
1258 2681 1444 2742 describeret
1466 2690 1497 2743 et

332 2786 428 2865 ipsius
449 2783 541 2844 Vlixis
564 2783 783 2862 prospectantis
805 2785 965 2862 imaginem
988 2785 1073 2864 quasi
1095 2781 1151 2842 sub
1166 2790 1318 2864 aspectum
1335 2782 1495 2853 subiceret,

332 2885 437 2947 maluit
459 2882 510 2947 ἐπί
533 2882 638 2954 scribi,
662 2901 721 2962 quo
750 2883 849 2944 Vlixes
872 2885 962 2944 iluctu
985 2891 1141 2962 correptus
1168 2891 1199 2944 61
1224 2885 1254 2944 16
1283 2884 1372 2945 altum
1396 2884 1495 2946 subla·

331 2996 380 3048 tus
402 2989 433 3046 in
456 3003 572 3046 summo
594 2987 706 3046 vertice
730 2986 824 3047 undae
848 2985 952 3046 sedere
976 2985 1136 3046 diceretur.
1168 2984 1264 3046 Verba
1286 2988 1379 3063 igitur
1400 2984 1495 3064 μεγά-

331 3089 392 3151 λου
414 3085 465 3150 ἑπὶ
493 3084 631 3165 κύματα(
659 3093 724 3148 arte
757 3088 911 3148 coniunxit
938 3105 1005 3147 cum
1027 3083 1188 3167 προϊδών,
1216 3094 1250 3147 61
1271 3083 1378 3164 ἀρθείε
1398 3087 1493 3168 expli-

332 3191 458 3250 cationis
481 3206 568 3250 causa
592 3189 740 3249 adiectum
757 3197 851 3259 esset,
875 3189 905 3250 id
922 3190 1000 3269 quod
1024 3189 1098 3249 nihil
1115 3188 1205 3250 habet
1220 3189 1402 3260 ollensionis,
1425 3209 1493 3251 cum

331 3291 427 3352 undae
450 3291 479 3350 vi
502 3307 568 3350 eum
592 3289 721 3351 levatum
751 3310 817 3353 esse
846 3309 900 3368 per
928 3310 960 3352 se
989 3298 1221 3352 consentaneum
1251 3293 1299 3354 sit.
1344 3290 1406 3361 Qua
1428 3310 1493 3353 mu·

330 3395 443 3455 tatione
472 3399 503 3452 et
523 3392 730 3469 Aristophanis
756 3410 908 3454 assensum
937 3400 1040 3455 nactus
1067 3401 1112 3454 est
1140 3401 1170 3454 et
1197 3395 1277 3463 eius,
1306 3395 1358 3472 qui
1380 3393 1492 3454 Aristo-

331 3495 439 3575 phanis
461 3493 603 3573 reliquias
634 3492 755 3572 collegit
778 3501 807 3554 et
834 3497 1000 3564 recensuit,
1025 3497 1057 3555 Α.
1081 3493 1219 3564 Nauchii,
1249 3497 1299 3575 qui
1328 3494 1494 3556 rationibus

330 3596 450 3675 quidem
478 3597 597 3656 omissis
624 3595 643 3656 l.
672 3595 690 3656 l.
720 3613 751 3674 p.
772 3592 815 3657 43
846 3603 879 3656 61
906 3592 957 3658 ἐπί
988 3599 1019 3657 16
1047 3601 1160 3657 textum
1183 3598 1369 3675 reciperetur
1391 3605 1492 3676 postu·

329 3697 410 3757 lavit.
456 3696 601 3775 Equidem
625 3700 671 3758 vix
701 3699 796 3758 ausim
823 3694 875 3760 ἐπί
906 3705 1061 3776 tantopere
1091 3697 1315 3767 commendare,
1346 3715 1413 3758 cum
1436 3700 1490 3759 etsi

329 3800 402 3859 satis
423 3799 540 3876 poetico
555 3797 655 3858 colore
669 3800 796 3859 tinctum
812 3799 852 3857 sit
873 3799 928 3858 hoc
944 3799 1062 3859 dicendi
1079 3817 1172 3876 genus
1193 3807 1224 3860 61
1238 3800 1490 3861 accommodatum

328 3967 531 3978 ——-——-

396 4066 440 4134 39)
460 4063 608 4133 Solaquae
626 4065 726 4120 afferre
743 4065 868 4135 potueris
886 4065 1299 4138 exemplasunbapudHesych.
1318 4066 1491 4135 6656156·

328 4167 389 4206 τοε·
412 4149 656 4218 carpocratem,
680 4150 729 4204 ubi
746 4149 835 4205 Maur.
854 4147 1022 4205 Schmidtius
1040 4150 1197 4206 adnotavit:
1217 4152 1373 4220 15τ15ἑητον
1391 4153 1491 4219 ἀπροο-

329 4237 476 4290 πέλαττον.
505 4232 609 4288 (1.171.
646 4232 706 4288 Nisi
727 4233 818 4289 laesus
841 4234 910 4288 ordo
933 4235 1054 4303 glossam
1076 4235 1105 4287 in
1128 4235 1309 4306 suspitionem
1332 4236 1491 4303 adduceret,

327 4318 537 4374 insolentiorem
555 4320 673 4374 formem
690 4320 784 4374 tuerer
801 4318 986 4374 Archilocheo
1006 4321 1114 4388 Κρεήτη
1134 4321 1178 4387 (fr.
1199 4323 1279 4390 1⁷5).’
