3340 5164
688 419 838 521 „32-

180 629 256 694 qnae
280 611 385 675 Thetis
406 611 555 693 quondam
578 613 608 673 ei
629 613 785 674 vaticinata
808 620 868 682 est,
897 613 1095 674 fortissimum
1118 612 1347 693 Myrmidonum,

183 715 253 776 dum
276 715 340 795 ipse
363 717 454 784 vivat,
478 718 645 794 periturum
669 733 750 783 esse,
774 721 804 774 et
823 713 993 775 Patroclum
1016 716 1078 776 lato
1102 714 1259 794 abreptum
1283 734 1348 778 esse

183 818 367 895 suspicatur:

335 917 375 995 μὴ
399 916 439 995 δή
460 936 513 996 μοι
535 915 681 980 τελέεωει
703 917 772 980 θεοὶ
792 916 873 980 κακὰ
894 916 993 994 κήδεα
1015 921 1121 999 θυμῷ,

336 1017 381 1082 ὼε
402 1017 483 1082 ποτέ
505 1036 560 1096 μοι
581 1018 682 1096 μήτηρ
706 1016 901 1096 διεπέφραδε
922 1015 975 1081 καί
995 1037 1048 1098 μοι
1071 1016 1195 1100 ἔειπεν,

255 1118 296 1181 10
340 1117 556 1197 Μυρμιδόνων
579 1119 638 1183 τὸν
661 1116 806 1200 ἄριετον,
829 1117 875 1182 ἔτι
897 1117 1041 1184 ζώοντα(
1063 1117 1169 1202 ἐμεῖο,

336 1219 441 1300 χερεῖν
463 1217 528 1283 ῦπο
550 1218 673 1297 Τρώων
696 1219 819 1298 λείψειν
843 1218 929 1298 φάο(
950 1219 1083 1296 ἠελίοιο.

333 1320 353 1400 ἦ
376 1320 461 1400 μάλα
482 1321 522 1399 δὴ
544 1320 674 1398 τέθνηκε
698 1309 871 1385 Μενοιτίου
893 1319 1024 1400 ἄλκιμοι
1046 1320 1125 1385 υἱόε.

183 1425 216 1485 lu
248 1424 297 1484 his
327 1423 476 1484 Rhianum
509 1430 540 1483 et
571 1423 799 1501 Aristophanem
813 1419 850 1503 25)
884 1442 990 1484 versus
1020 1419 1060 1483 10
1092 1431 1122 1485 ct
1156 1423 1194 1484 11
1225 1427 1350 1487 eiecisse

182 1525 249 1586 cod.
272 1526 295 1585 λ
317 1533 458 1593 testatur,
482 1542 609 1603 cumque
632 1525 725 1586 ceteri
747 1542 865 1604 qnoque
894 1525 1013 1585 codices
1034 1524 1147 1604 largam
1170 1527 1349 1588 scholiorum

169 1630 299 1707 copiam
322 1626 479 1696 exhibent,
510 1644 586 1706 quae
614 1628 715 1687 omnia
742 1633 898 1686 versentur
925 1629 958 1686 in
986 1626 1093 1687 horum
1123 1645 1263 1690 versuum
1292 1629 1351 1689 dil-

182 1728 363 1790 ficultatibus
385 1727 563 1797 enodandis,
588 1735 617 1787 et
641 1743 777 1805 magnam
800 1726 837 1787 dc
859 1729 898 1788 iis
921 1729 1000 1788 inter
1021 1729 1178 1792 nonnullos
1202 1747 1350 1808 gramma-

182 1833 259 1892 ticos
281 1831 516 1892 controversiam
532 1829 604 1889 olirn
626 1828 719 1890 luisse
739 1835 822 1907 patet
844 1835 874 1888 et
895 1828 1005 1908 quihus
1027 1830 1071 1891 illi
1086 1833 1184 1891 causis
1208 1831 1244 1892 ad
1267 1833 1350 1894 athe·
1444 1829 1448 1836 ’

183 1935 261 1994 tesin
284 1933 427 1993 commoti
449 1931 577 2000 luerint,
601 1931 673 1991 satis
694 1931 888 2010 perspicuum
916 1936 971 1990 cst.
1016 1930 1088 1992 Cum
1111 1941 1210 1994 autern
1233 1952 1351 1995 omnem

183 2033 367 2095 scholiorum
399 2034 508 2094 seriem
541 2032 591 2093 hic
620 2031 759 2092 subicere
787 2030 908 2109 longum
938 2034 993 2101 sit,
1027 2051 1061 2095 ea
1089 2042 1204 2095 tantum
1232 2036 1349 2112 eligam,

184 2153 259 2215 quae
282 2137 470 2214 potissimum
494 2137 525 2195 iu
549 2135 588 2194 iis
614 2142 732 2193 veteres
755 2133 1006 2210 reprehenderint
1033 2152 1168 2213 quaeque
1191 2138 1250 2196 iam
1273 2139 1350 2196 anti-

184 2239 286 2318 quitus
307 2237 344 2298 ad
368 2254 418 2296 cos
441 2235 645 2296 defendendos
666 2233 781 2314 prolata
805 2237 876 2298 sint.
907 2234 1006 2295 Schol.
1027 2237 1065 2296 A:
1089 2234 1140 2299 Ἐν
1161 2241 1199 2318 τῇ
1222 2233 1351 2301 Ῥιανοῦ

183 2338 235 2402 καλ
257 2335 506 2416 Ἀριττοφάνουε
528 2333 588 2399 οὐκ
609 2331 688 2411 ἠεαν
711 2332 742 2397 ολ
771 2327 811 2415 β’,
838 2332 916 2398 ictu<
938 2333 1006 2399 ἐπεὶ
1029 2333 1089 2399 οὐκ
1110 2333 1150 2413 ἦν
1174 2337 1349 2416 Μυρμιδὼν

183 2437 431 2516 ὁΠάτροκλοε·
459 2435 582 2513 Λοκρόε
608 2435 670 2514 γὰρ
697 2433 737 2514 ἦν
768 2434 800 2504 ἐξ
821 2434 1010 2501 Ὀποῦντος.
1050 2440 1118 2502 δεῖν
1148 2437 1185 2501 δέ
1212 2439 1351 2518 φηεινδ

183 2515 515 2618 Ἀρίεταρχοεοῦτωε
537 2535 658 2600 αὐτόν
680 2536 928 2614 παραδέχεεθαι,
957 2538 1026 2602 τόν
1049 2537 1145 2617 μετὰ
1172 2540 1241 2605 τόν
1269 2538 1352 2618 ἄρι-

185 2639 321 2717 ετονῖθ)
342 2643 408 2705 τὼν
432 2637 660 2717 Μυρμιδόνων.
682 2637 735 2701 καί
756 2638 836 2703 κατά
857 2659 944 2704 τινα(
966 2639 1002 2702 δὲ
1024 2645 1090 2704 τὼν
1112 2640 1185 2719 μεθ’
1206 2640 1352 2720 Ὅμηρον

184 2742 309 2819 Ἄκτωρ
331 2740 350 2804 δ
372 2741 476 2818 πατὴρ
497 2743 556 2804 τοῦ
580 2738 753 2803 Μενοιτίου
775 2739 900 2816 λέγεται
922 2741 1032 2819 λαβεῖν
1052 2739 1184 2816 Αἴγιναν
1190 2791 1199 2823 ,
1222 2742 1257 2806 ἐκ
1277 2743 1352 2806 ταῦ·

184 2863 241 2921 τηε
262 2844 299 2907 δὲ
320 2842 466 2919 γενέεθαι
490 2840 663 2905 Μενοίτιον
683 2840 736 2904 καὶ
757 2839 878 2918 οἰκῆται
901 2840 936 2906 ἐν
966 2839 1136 2907 Ὀποῦντι·
1165 2841 1269 2907 οὕτω(
1292 2841 1351 2909 οὖν

185 2946 305 3020 γίνεται
336 2944 374 3008 τό
408 2941 563 3006 ἀνέκαθεν
593 2941 766 3020 Μυρμιδὼν
795 2941 813 3005 ὁ
840 2941 1040 3020 Πότροκλοε.
1075 2942 1207 3009 δύναται
1240 2945 1354 3008 δὲκαὶ

189 3044 306 3124 ἑτέρωε
330 3043 507 3123 Μυρμιδὼν
529 3042 755 3121 δΠάτροκλοε
771 3041 915 3119 λέγεεθοιι
936 3043 988 3108 διὰ
1009 3044 1047 3108 τό
1069 3045 1148 3124 μετὰ
1170 3045 1228 3110 τὸν
1251 3045 1353 3124 Ἀχιλ-

186 3146 244 3210 λέα
278 3145 449 3224 ἡγήεαεθαι
485 3149 553 3210 τὼν
586 3143 804 3224 Μυρμιδόνων
828 3155 886 3207 cet.
931 3146 1047 3207 Similia
1075 3146 1200 3227 praebet
1227 3148 1293 3209 cod.
1317 3149 1351 3218 Β,

186 3257 397 3329 praeterquam
419 3247 499 3328 quod
521 3246 558 3307 de
581 3247 701 3308 diverso
724 3249 918 3326 comparativi
946 3255 976 3308 et
999 3248 1170 3325 superlativi
1197 3268 1253 3310 usu
1280 3267 1353 3310 non·

188 3350 270 3412 nulla
295 3351 426 3428 exposita
450 3355 534 3418 sunt,
557 3367 633 3428 quae
655 3365 715 3410 non
731 3366 841 3426 operae
863 3351 993 3428 pretium
1017 3357 1063 3411 est
1078 3351 1239 3412 ascribere.
1263 3350 1353 3411 Prac-

190 3461 271 3514 terea
294 3450 386 3512 hahet
408 3453 447 3521 λ,
469 3467 546 3529 quae
562 3449 598 3510 ad
614 3450 820 3511 Aristarchum
836 3452 1001 3512 revocanda
1017 3460 1100 3513 sunt:
1123 3450 1143 3528 ἡ
1158 3452 1255 3529 διπλῆ
1270 3451 1354 3528 πρὸ(

187 3553 226 3618 τὸ
250 3551 447 3632 ἀμφίβολον,
476 3553 545 3614 min
566 3549 783 3630 Μυρμιδόνων
811 3548 941 3630 ἄριιτον
968 3551 1054 3628 λέγει
1081 3552 1139 3618 τόν
1161 3551 1354 3629 Πάτροκλον

190 3706 389 3717 ....-..---

256 3807 300 3871 25)
317 3803 476 3857 Dusutzero
495 3799 631 3856 Zenodoti
648 3820 676 3871 p.
690 3806 739 3856 176
756 3802 813 3860 not.
831 3807 864 3856 41
883 3799 906 3855 si
924 3800 1073 3870 eredimus,
1091 3801 1249 3857 Zenodoius
1266 3802 1296 3857 in
1312 3803 1355 3858 his

189 3888 315 3944 versibus
333 3885 490 3942 resecandis
507 3885 564 3940 iam
581 3887 747 3955 praeiverat.

257 3975 304 4040 26)
321 3972 399 4026 Haeo
415 3971 503 4026 verba
520 3969 669 4025 Mauricius
686 3970 855 4025 Schmidtins
872 3970 941 4024 mihi
958 3969 1124 4041 significarit
1140 3972 1246 4042 optime
1264 3987 1355 4026 emen-

190 4056 252 4113 dari
273 4057 346 4112 hunc
363 4055 393 4109 in
410 4055 537 4109 modum:
566 4056 626 4110 δεῖν
644 4056 675 4109 δέ
693 4071 778 4123 φηιιν
795 4056 812 4108 ό
831 4055 1007 4124 Ἀρίεταρχοε
1025 4058 1117 4112 οὕτω(
1140 4057 1353 4125 παραδέχετθαι·

188 4144 250 4197 τὸν
269 4144 344 4208 μετ’
367 4142 477 4196 αὐτὸν
501 4141 640 4208 ἄριετον
657 4144 719 4195 τὼν
738 4140 935 4208 Μυρμιδόνων.
970 4138 1094 4194 Primum
1116 4140 1191 4195 enim
1212 4157 1297 4208 aegre
1313 4139 1355 4194 in-

189 4225 297 4296 venies,
317 4241 372 4293 quo
390 4224 460 4278 illud
476 4226 566 4280 αὐτόν
583 4225 702 4291 ναίοντας
726 4222 826 4278 deinde
844 4240 911 4280 vero
929 4223 996 4280 satis
1019 4224 1090 4280 dura
1107 4223 1273 4280 offendimur
1291 4239 1354 4278 eon-

190 4308 356 4377 slruciioue,
375 4326 437 4363 cum
455 4309 492 4364 ud
509 4311 562 4364 τόν
580 4308 765 4378 supplendum
783 4308 819 4362 sit
837 4310 964 4378 dipteron,
983 4310 1014 4363 ιιί
1030 4310 1113 4379 plene
1131 4309 1170 4362 sic
1187 4307 1279 4376 leges:
1303 4311 1355 4363 τόν

190 4396 261 4461 μετὰ
279 4397 332 4448 τόν
352 4395 464 4462 όριετον
481 4398 543 4447 τὼν
562 4394 753 4461 Μυρμιδόνων
770 4394 891 4461 όριετον.
