3340 5164
881 387 925 452 46

323 582 485 660 quicquam
514 597 634 652 eorum,
664 597 740 659 quae
768 579 900 639 tacturus
929 584 1023 647 esset,
1053 594 1120 637 cum
1149 578 1214 654 ipsa
1243 579 1489 638 communicaret.

324 682 378 743 Cui
398 681 526 761 Iupiter:
560 681 622 742 noli
649 698 787 760 sperare,
816 687 845 740 te
874 679 972 739 omnia
999 678 1120 739 consilia
1147 695 1214 738 mea
1243 677 1385 738 sciturum
1407 696 1489 747 esse;

322 801 397 861 quae
421 782 524 843 audire
554 791 583 843 te
612 783 714 853 decet,
744 800 779 842 ca
806 799 895 842 nemo
918 789 967 842 aut
995 781 1117 840 deorum
1146 785 1196 839 aut
1222 778 1375 840 hominum
1403 782 1489 857 prius

321 901 410 964 quam
432 891 466 944 tu
488 893 662 963 cognoscem
687 891 814 963 atquae
839 899 894 960 ego
910 881 982 942 deos
997 882 1090 942 celata
1112 880 1194 950 volo,
1223 879 1264 958 μή
1279 898 1310 941 τι
1332 877 1368 942 cb
1390 883 1490 942 ταῦτα

321 981 435 1047 ἕκαετα
457 983 573 1061 διείρεο
596 984 675 1065 μηδὲ
689 982 831 1063 μετάλλα
853 981 890 1063 (v.
905 979 991 1064 550).
1026 983 1087 1044 Iam
1111 1001 1181 1043 vero
1203 981 1253 1062 qui
1275 980 1487 1054 observaverit,

320 1088 347 1146 si
368 1087 420 1166 qui
441 1087 519 1164 apud
542 1089 672 1166 tragicos
692 1093 796 1164 poetas
819 1084 997 1146 altercantes
1019 1084 1214 1154 inducantur,
1238 1101 1290 1144 eos
1312 1100 1370 1161 quo
1392 1087 1488 1163 magis

321 1189 361 1248 sit
392 1188 526 1250 aculeata
555 1189 663 1258 oratio,
697 1189 802 1248 eadem
838 1186 955 1248 dicendi
987 1188 1097 1257 forma,
1132 1204 1190 1266 qua
1226 1185 1301 1246 alter
1329 1205 1401 1248 usus
1437 1189 1486 1256 sit,

321 1285 558 1370 responderet),
589 1289 744 1367 intelleget
770 1289 914 1350 lunonem
943 1288 1197 1366 indignabundam
1224 1287 1282 1347 alio
1310 1288 1398 1348 modo
1426 1307 1487 1348 non

321 1408 408 1467 posse
431 1392 629 1469 respondere,
660 1407 748 1468 quam
772 1397 803 1451 ut
825 1391 901 1451 lovis
923 1389 1014 1450 verba
1042 1408 1110 1450 cum
1137 1389 1299 1450 acerbitate
1323 1392 1486 1450 accuratis-

322 1494 396 1552 sime
419 1495 547 1570 repetita
575 1492 606 1553 in
634 1510 702 1552 eum
729 1498 912 1572 retorqueat.
957 1491 1042 1552 Dicat
1063 1492 1153 1570 igitur
1175 1500 1309 1569 oportet:
1343 1489 1393 1553 καὶ
1415 1489 1486 1568 λίην

321 1610 354 1656 ιε
376 1592 480 1670 πάροι
503 1592 538 1668 γ’
560 1591 631 1656 οὐκ
653 1589 777 1670 εἴρομαι
800 1591 895 1656 οὐδὲ
917 1593 1072 1670 μεταλλῶ.

271 1691 314 1756 12
406 1691 505 1756 Ῐ41.
550 1695 653 1756 Thetis
674 1702 830 1774 postquam
858 1695 917 1755 filio
941 1713 1021 1754 arma
1044 1714 1061 1755 a
1083 1694 1213 1755 Vulcano
1242 1695 1319 1755 facta
1347 1695 1430 1755 dedit
1458 1701 1488 1754 et

322 1799 462 1875 promisit
484 1815 515 1856 se
539 1797 727 1866 effecturam,
757 1804 791 1856 ut
813 1814 850 1856 ne
872 1795 1001 1856 Patrocli
1024 1813 1133 1872 corpus
1155 1802 1323 1872 putrescat,
1347 1796 1487 1857 adhorta·

320 1906 370 1958 tur
392 1898 551 1968 Achillem,
575 1906 608 1958 ut
630 1899 808 1959 Achivorum
839 1899 975 1958 contione
998 1905 1156 1957 convocata
1185 1896 1259 1958 iram
1282 1916 1313 1957 se
1337 1899 1487 1975 deponere

321 1999 465 2080 fateatur:
489 1996 573 2062 ἀλλὰ
596 1996 631 2061 cti
646 1997 683 2073 γ’
705 1997 749 2061 εἰ(
771 1997 894 2088 ἀγορὴν
917 1997 1050 2062 καλέεαε
1072 1979 1180 2074 ἥρωα(
1202 1996 1364 2079 Ἀχαιούς,
1393 2001 1486 2076 μῆνιν

235 2141 237 2145 «
320 2097 489 2163 ἀποειπὼν
511 2097 721 2179 Ἀγαμέμνονι
808 2099 841 2163 dc
862 2099 1006 2177 πόλεμον
1029 2098 1199 2176 θωρήιεεο.
1231 2100 1363 2166 ,Achilles
1387 2103 1487 2160 statim

322 2205 410 2262 matri
433 2202 623 2281 obsequitur:

364 2301 407 2364 40
449 2301 550 2380 αὐτὰρ
574 2301 593 2364 ὁ
616 2306 653 2382 βῆ
676 2302 764 2380 παρὰ
786 2305 860 2367 θῖνα
882 2302 1036 2379 θαλάεεηε
1058 2305 1128 2366 bio<
1150 2300 1322 2381 Ἀχιλλεὺε,
1386 2336 1387 2340 “
1489 2305 1491 2312 ’

450 2403 626 2481 εμερδαλέα
648 2401 762 2483 ἰάχων,
786 2403 887 2482 ὦρεεν
910 2405 943 2467 δ’
964 2401 1094 2480 ἥρωα(
1115 2401 1272 2480 Ἀχαιούς.

322 2505 421 2596 Schol.
465 2503 609 2585 ἥρωας·
632 2505 712 2582 παρ>
734 2504 953 2586 Ἀριετοφάνει
968 2504 1019 2568 καὶ
1033 2503 1149 2587 Ῥιανῷ
1165 2503 1333 2582 ἐρίηρας.
1349 2507 1381 2567 Α.
1403 2505 1487 2571 τινὲε

320 2605 398 2670 robe
421 2608 557 2685 βαιιλείε
578 2607 648 2671 νῦν.
673 2607 705 2668 V.
735 2607 792 2678 Qui
815 2609 957 2686 deinceps
980 2614 1145 2687 sequuntur
1168 2625 1269 2667 versus
1292 2625 1351 2669 nou
1373 2610 1486 2685 princi·

321 2708 375 2787 pes
396 2709 502 2779 modo,
525 2709 578 2770 sed
601 2715 724 2770 cunctos
745 2710 872 2770 Achivos
894 2709 1111 2788 intellegendos
1134 2726 1198 2770 esse
1221 2707 1388 2780 declarant,
1418 2729 1486 2772 nam

322 2811 411 2872 etiam
438 2812 626 2889 κυβερνῆται
654 2820 683 2872 et
710 2810 815 2890 ταμίαι
846 2815 877 2872 in
907 2813 1076 2872 contionem
1104 2818 1185 2871 eunt.
1230 2815 1253 2870 Α
1281 2811 1391 2891 quibus
1418 2831 1486 2874 cum

321 2912 448 2974 alienam
477 2931 543 2973 esse
569 2920 690 2990 putaret
716 2913 910 2974 honorificam
937 2912 1055 2990 ἡρώων
1083 2912 1323 2993 appellationem,
1351 2913 1486 2975 Rhianus

320 3012 400 3073 hunc
415 3013 513 3074 locum
528 3017 662 3084 mutavit,
680 3023 713 3075 ut
734 3014 869 3076 videatur
884 3014 954 3075 lstri
970 3015 1158 3101 Callimachei
1173 3015 1343 3093 opinionem
1367 3022 1485 3076 secutus

320 3132 395 3185 esse,
412 3133 501 3194 quem
513 3091 617 3196 ‘postea
630 3118 820 3178 Aristarchus
835 3117 1000 3178 rectissime
1017 3116 1158 3177 refutavit
1172 3116 1308 3177 versibus
1323 3117 1370 3176 his
1382 3114 1484 3178 3110.

322 3214 353 3278 Μ
378 3213 449 3278 165.
480 3215 504 3279 N
528 3213 601 3277 629.
631 3215 657 3278 0
684 3214 762 3289 230,
790 3221 823 3279 in
851 3218 962 3296 quibus
989 3217 1128 3278 omnibus
1155 3218 1211 3278 hoc
1240 3218 1396 3296 epitheton
1425 3237 1484 3279 uon

303 3324 434 3396 ,tantum
457 3316 661 3397 principibus,
692 3319 743 3380 sed
766 3318 904 3380 omnibus
930 3315 1049 3380 Achivis
1072 3319 1231 3380 tribuitur:
1266 3321 1320 3379 cfr.
1343 3319 1486 3380 Lehrsius

320 3420 410 3480 Arist.
433 3437 463 3498 p.
489 3416 559 3480 101.
590 3420 652 3480 Hoc
676 3427 774 3481 autem
798 3423 822 3482 si
844 3424 885 3481 ita
908 3429 967 3490 est,
990 3420 1125 3482 Rhianus
1147 3428 1196 3481 aut
1218 3421 1274 3481 hos
1295 3439 1399 3482 versus
1422 3439 1484 3480 om·

320 3541 387 3590 nes,
410 3540 486 3602 quos
507 3540 567 3584 non
590 3529 708 3599 poterat
730 3541 790 3583 non
812 3522 907 3600 probe
930 3524 1062 3591 novisse,
1086 3523 1270 3602 maximeque
1293 3522 1384 3583 verba
1406 3522 1484 3583 The·

320 3624 390 3683 tidis
412 3642 501 3701 sopra
526 3622 611 3685 allata
636 3621 672 3704 (v.
696 3621 747 3703 34)
772 3625 862 3684 simili
885 3625 973 3684 modo
996 3625 1156 3685 mutavisse
1178 3624 1345 3685 censendus
1367 3633 1411 3684 est
1434 3633 1485 3685 aut

320 3724 451 3802 intellegi
473 3729 594 3786 omniuo
618 3727 734 3806 nequit,
758 3745 812 3786 cur
835 3725 930 3786 solum
952 3726 1032 3786 bunc
1054 3744 1173 3787 versum
1195 3727 1411 3796 attrectaverit,
1435 3744 1483 3786 ce-

320 3833 401 3885 teros
424 3845 482 3886 non
505 3829 588 3888 item.
634 3827 691 3888 Sed
717 3834 784 3888 utut
806 3827 880 3886 haec
903 3846 934 3888 se
957 3826 1069 3888 habeut
1096 3835 1126 3887 et
1153 3845 1331 3907 quamquam
1361 3827 1483 3888 mutatio

320 3930 385 3988 eius
408 3929 591 4006 explodenda
615 3935 675 3999 est,
699 3929 729 3989 id
753 3936 852 3989 tamen
875 3928 1023 3990 neminem
1051 3929 1159 4007 lugiet,
1189 3931 1220 3989 in
1248 3948 1284 3989 eo
1311 3929 1390 4010 quod
1413 3927 1483 3989 sub-

319 4099 521 4109 ...-..-—--—--

387 4201 431 4264 33)
449 4195 522 4252 Vide
540 4193 611 4251 (lod.
629 4195 857 4250 Hermannum
875 4196 911 4251 ad
928 4196 1023 4266 Eorip.
1042 4196 1100 4251 Alc.
1113 4201 1171 4252 ota.
1189 4195 1278 4251 Huius
1296 4195 1337 4251 rei
1355 4195 1484 4267 exempla

319 4280 386 4336 satis
414 4283 513 4338 crebra
538 4284 615 4349 sunt,
642 4283 675 4335 ut
698 4279 781 4362 Soph.
800 4280 833 4336 0.
856 4281 888 4336 tt.
913 4287 961 4336 547
980 4283 1009 4335 et
1026 4287 1085 4336 548.
1108 4283 1172 4336 Ant.
1190 4287 1241 4336 442
1264 4283 1293 4335 et
1310 4287 1367 4336 443.
1386 4287 1435 4336 522
1454 4287 1483 4336 et

318 4373 368 4421 523
386 4368 421 4421 al.
