3340 5164
756 403 775 466 ’1

183 596 282 654 matini
307 595 442 672 scripsit,
473 593 631 654 lacobus
658 594 703 655 La
734 592 943 674 1111111114),
978 615 1155 677 quamquam
1185 599 1221 659 ad
1245 617 1347 660 verum

183 695 273 755 multo
295 697 419 774 propius
447 698 588 764 accessit,
619 715 682 756 eam
706 714 769 756 rem
800 699 840 756 ita
863 695 1025 758 absolvisse
1054 699 1202 778 putandus
1225 707 1284 769 est,
1315 709 1349 762 ut

182 815 288 875 aquas,
319 802 350 855 ut
379 799 476 866 aiunt,
506 799 537 857 in
565 815 646 856 mare
675 797 810 856 videatur
832 799 973 869 fundere,
1002 802 1053 880 qui
1084 801 1208 861 eandem
1237 803 1347 863 iterare

182 899 384 974 aggrediatur.

266 1003 359 1069 Quam
389 999 426 1060 oh
456 1019 574 1061 causam
606 1002 683 1081 quod
707 1002 783 1062 hanc
806 1005 1102 1074 commentationem,
1132 1023 1220 1085 quam
1243 1024 1347 1066 novem

183 1101 292 1162 abhinc
327 1121 432 1170 annos,
468 1121 535 1163 cnm
567 1103 655 1164 lenae
691 1103 869 1164 Mauricii
903 1104 1109 1166 Schmidtii
1143 1110 1348 1186 praeceptoris
1396 1187 1398 1192 Α

126 1205 128 1208 ’
183 1222 296 1264 summe
313 1204 474 1264 venerandi
490 1204 648 1284 disciplina
670 1203 790 1274 utebar,
814 1203 1053 1268 adulescentulus
1068 1209 1244 1287 conscripsi,
1268 1227 1348 1269 nuno

183 1305 280 1366 denuo
296 1308 454 1366 retractavi
471 1312 501 1365 et
523 1305 715 1384 amplificavi,
746 1306 859 1366 diutius
874 1308 906 1366 in
922 1309 1105 1368 scriniorum
1121 1308 1226 1370 umbra
1254 1310 1347 1370 111111

182 1407 279 1477 nolui,
309 1426 367 1466 non
397 1407 564 1467 defuturam
589 1407 663 1467 mihi
687 1408 909 1468 excusationem
932 1427 1035 1488 spero,
1067 1429 1133 1470 cum
1158 1429 1261 1471 omnes
1283 1413 1347 1472 1111

182 1525 285 1569 versus
307 1507 473 1576 Homerici,
497 1527 571 1587 qnos
586 1508 720 1569 1111111111
735 1511 895 1570 mutavisse
911 1511 1018 1581 fertur,
1036 1521 1087 1572 aut
1102 1512 1277 1574 difficultate
1293 1514 1347 1574 aii·

182 1629 238 1688 qua
261 1609 396 1671 laborent
424 1616 475 1670 aut
503 1612 524 1669 ii
553 1611 628 1679 sint,
661 1609 697 1669 de
720 1610 830 1688 quihus
852 1617 950 1671 nostra
980 1632 1097 1693 quoque
1128 1620 1240 1683 aetate,
1270 1634 1346 1694 quae

184 1712 226 1771 vel
243 1713 369 1771 maxime
385 1711 491 1789 flagret
506 1712 554 1772 his
570 1712 685 1783 studiis,
710 1712 834 1774 uberius
850 1713 1001 1793 disputare
1024 1733 1131 1794 operae
1148 1718 1279 1794 pretium
1295 1719 1345 1778 sit.

650 1935 876 1944 m

745 2101 773 2176 I.

265 2271 437 2354 Disserendi
467 2271 621 2332 exordium
646 2292 660 2333 a
689 2275 764 2334 vita
786 2272 896 2334 Rhiani
918 2276 1084 2352 capiamus
1115 2294 1203 2356 quam
1226 2277 1346 2355 quidem

180 2395 243 2436 rem
268 2375 312 2434 vel
336 2373 435 2434 obiter
458 2376 604 2450 attingere
628 2381 696 2452 post
710 2373 853 2434 Meinekii
877 2393 965 2435 curas
990 2378 1128 2454 egregias
1149 2379 1346 2456 supersedere

180 2495 349 2558 possemus,
380 2477 437 2536 nisi
466 2477 497 2534 in
526 2477 601 2554 ipsis
631 2474 693 2544 his,
723 2493 798 2553 quae
827 2477 872 2534 vir
902 2476 1125 2537 eruditissimus
1152 2480 1345 2556 investigasse

180 2579 238 2639 sihi
261 2580 342 2638 visus
365 2584 423 2646 est,
448 2576 587 2636 nonnulla
605 2575 820 2636 dubitationem
837 2584 1005 2648 moverent;
1029 2586 1184 2657 praeterea
1208 2581 1234 2640 si
1249 2581 1347 2641 minus

179 2680 303 2760 paucula
339 2678 463 2746 addere,
499 2686 528 2738 at
563 2678 618 2738 aiia
653 2680 747 2755 magis
782 2679 957 2739 confirmare
991 2679 1059 2740 iicet
1094 2687 1124 2740 et
1158 2681 1227 2742 inde
1262 2683 1344 2743 utili·

179 2784 247 2842 tatis
271 2781 383 2860 aiiqnid
408 2779 588 2840 redundabit
611 2780 647 2839 ad
671 2799 719 2848 ea,
749 2797 824 2858 quae
849 2780 991 2859 deinceps
1013 2785 1044 2841 in
1067 2784 1271 2860 quaestionem
1295 2803 1344 2844 vo·

180 2885 272 2946 canda
296 2889 373 2946 sunt.

264 2990 358 3065 Atque
382 2988 462 3044 inter
485 3002 594 3063 paucos
617 2984 684 3044 ilios
707 2985 885 3063 scriptores,
910 2986 962 3064 qui
984 2985 1092 3045 Rhiani
1115 2989 1193 3046 vitae
1217 2988 1343 3047 mentio·

178 3109 245 3150 nem
270 3091 452 3154 iniecerunt,
477 3087 652 3164 primarium
675 3084 733 3145 sibi
757 3085 853 3145 iocum
876 3085 1005 3146 vindicat
1028 3085 1179 3156 Suidas,
1203 3089 1254 3166 qui
1278 3107 1300 3148 s.
1317 3107 1343 3147 v.

179 3191 269 3252 tradit
292 3189 379 3248 haee:
418 3185 559 3266 Ῥιανός,
588 3183 606 3247 ὁ
631 3185 681 3248 καὶ
706 3185 802 3266 Κρής,
826 3183 874 3250 ὢν
898 3185 1045 3264 Βηναῖος.
1084 3186 1169 3264 Βήνη
1193 3187 1228 3250 δὲ
1250 3187 1344 3251 πόλις

180 3291 314 3369 Κρήτης·
343 3288 426 3351 τινὲς
449 3287 485 3351 δὲ
510 3287 678 3368 Κεραῒτην,
701 3285 795 3350 ἄλλοι
816 3287 851 3351 δὲ
874 3287 1001 3366 Ἰθώμη(
1023 3291 1079 3365 τῆς
1103 3289 1266 3367 Μεςςήνης
1288 3289 1344 3352 αὐ-

177 3393 235 3457 τὸν
263 3390 438 3468 ἱςτόρηςαν.
482 3386 578 3451 οὗτος
609 3387 644 3450 δὲ
673 3385 712 3463 ἢν
740 3390 796 3465 τῆς
823 3388 1017 3466 παλαίςτρας
1049 3388 1210 3468 πρότερον
1239 3389 1343 3470 φύλαξ

178 3494 228 3558 καὶ
250 3493 376 3558 δοῦλος.
401 3489 532 3567 ὕετερον
555 3491 590 3553 δὲ
612 3489 792 3553 παιδευθεὶς
814 3489 943 3565 ἐγένετο
958 3491 1187 3572 γραμματικός,
1210 3491 1343 3570 ςύγχμο-

177 3617 236 3660 voc
258 3593 511 3673 Ἐρατοςθένους.
536 3591 680 3670 ἔγραψεν
703 3591 841 3672 ἔμμετρα
862 3593 1039 3674 ποιήματα,
1068 3590 1278 3670 Ἡρακλειὰδα
1306 3592 1341 3656 ἐν

178 3696 307 3780 βιβλίοις
328 3695 495 3772 τέτταρειν.

262 3800 373 3861 Eadem
401 3800 465 3859 iere
495 3797 571 3876 apud
601 3797 799 3857 Eudociam
829 3798 895 3858 vicl.
925 3818 954 3877 p.
978 3793 1039 3858 371
1070 3797 1225 3875 leguntur:
1262 3795 1344 3873 Περὶ

177 3903 305 3967 Ῥιανοῦ
327 3903 385 3963 τοῦ
408 3900 634 3977 γραμματικοῦ.
671 3895 796 3962 Ῥιανὸς
822 3897 918 3978 Κρής,
943 3896 1156 3977 γραμματικὸς
1179 3896 1213 3962 ἐκ
1229 3897 1339 3976 Βήνης.

176 4005 269 4070 πόλις
292 4003 328 4066 δὲ
350 3998 429 4077 αὕτη
455 3999 588 4077 Κρήτης·
611 3998 694 4063 τινὲς
717 3999 753 4062 δὲ
777 3999 945 4080 Κεμαῖτην,
973 3998 1066 4062 ἄλλοι
1089 3999 1124 4063 δὲ
1146 3997 1263 4076 Ἰθάκης
1285 4001 1341 4075 τῆς

178 4104 341 4183 Μεςςήνης
363 4101 463 4165 αὐτὸν
491 4101 657 4178 ἱετόμηςαν
686 4109 759 4182 eet,
788 4101 839 4162 uhi
863 4099 995 4180 Ἰθάκης,
1017 4103 1094 4181 quod
1119 4104 1207 4162 etiam
1232 4100 1340 4161 Suidae

176 4209 295 4271 codices
317 4207 481 4267 deteriores
503 4206 674 4282 occupavit,
698 4210 799 4283 aperte
822 4203 996 4264 mendosum
1020 4213 1074 4264 est.

175 4316 378 4329 ...---—·-—-—-

243 4359 270 4424 4)
289 4353 341 4409 Die
358 4352 532 4408 homerisohe
550 4351 707 4406 Textirritik
724 4351 763 4406 im
781 4351 939 4407 Alterthum
958 4351 1059 4423 (Leipz.
1081 4354 1155 4418 1866)
1173 4369 1201 4424 p.
1220 4357 1262 4410 43.
1279 4357 1320 4410 44.
