3340 5164
745 395 785 460 47

691 483 842 492 ψ..-

183 585 280 645 stituit
307 580 433 661 ἐρίηρας
462 585 545 645 cerni
578 586 743 664 elegantiae
766 605 886 647 sensum
910 605 992 656 eum,
1021 589 1073 666 qui
1101 606 1204 648 verum
1232 595 1349 668 poetam

183 687 303 756 deceat;
332 704 401 747 nam
429 686 484 746 hoo
513 689 701 768 potissimum
730 689 885 768 epitheton
913 706 971 748 non
1000 695 1059 748 tam
1088 707 1159 750 casu
1181 697 1232 751 aut
1260 692 1348 750 metri

183 806 285 866 causa,
316 795 349 849 ut
371 806 566 849 numerorum
588 807 708 850 cursum
739 791 870 851 suaviter
893 790 1088 863 acceleraret,
1117 791 1243 870 elegisse
1266 792 1348 853 vide-

182 896 247 959 tur,
276 907 366 968 quam
387 895 420 949 ut
446 908 623 951 conversum
652 898 682 952 et
703 894 871 969 mitigatum
892 892 1016 953 Achillis
1043 910 1114 971 erga
1136 893 1264 954 Achivos
1286 895 1348 954 ani·

182 1008 264 1051 mum
286 991 527 1071 voluntatemque
556 1001 624 1072 apte
652 993 811 1054 indicaret.
856 993 957 1053 Achivi
980 996 1076 1064 enim,
1105 1013 1179 1075 quos
1202 1002 1269 1056 ante
1292 995 1346 1056 Pa·

182 1092 269 1152 trocli
292 1100 418 1153 mortem
446 1092 620 1173 inplacabili
648 1095 716 1155 odio
744 1103 920 1174 persecutus
946 1096 978 1155 in
1009 1102 1053 1156 tot
1075 1095 1202 1156 lunestis
1223 1096 1347 1175 proeliis

181 1212 235 1254 suo
264 1194 376 1254 auxilio
403 1196 587 1274 privaverat,
622 1196 714 1256 iidem
743 1215 810 1257 cum
837 1196 998 1256 interiecto
1026 1196 1163 1258 Patroclo
1190 1199 1346 1277 pristinam

181 1295 254 1356 iram
278 1296 480 1375 deposuisset,
504 1299 531 1356 ei
548 1315 653 1358 rursus
675 1297 891 1358 commilitones
913 1305 999 1357 erant
1021 1301 1178 1359 carissimi.

265 1395 295 1458 Ψ
317 1393 368 1458 81.
412 1397 543 1459 Patrocli
565 1402 676 1459 mortui
697 1399 804 1459 umbra
821 1399 1018 1460 dormientem
1040 1399 1199 1469 Achillem,
1223 1409 1256 1460 ut
1278 1397 1395 1462 εον-13

180 1516 237 1577 pus
260 1517 347 1558 suum
370 1498 511 1561 celeriter
534 1500 674 1580 sepeliat,
699 1500 875 1561 adhortatur
897 1501 1021 1561 ethaeo
1045 1501 1141 1561 addit:

223 1595 265 1660 80
307 1599 360 1662 καὶ
380 1599 416 1662 δέ
438 1618 487 1663 cor
509 1599 598 1684 αὐτῷ
621 1603 728 1683 μοῖρα,
750 1603 837 1664 θεοῖς
861 1599 1011 1664 ἐπιείκελ’
1032 1599 1192 1683 Ἀχιλλεῦ,

306 1699 401 1778 τείχει
423 1701 487 1765 ὕπο
509 1702 632 1779 Τρώων
654 1701 879 1781 εὐηγενέων
903 1700 1085 1766 ἀπολέςθαι.

181 1801 279 1863 Schol.
303 1800 543 1880 εὐηγενέων·
573 1803 608 1868 ἐν
630 1809 668 1888 τῇ
691 1804 820 1868 Ῥιανοῦ
842 1804 894 1868 καὶ
921 1802 1172 1883 Ἀριςτοφὰνοος
1201 1802 1343 1884 εὐηφε-

180 1902 283 1967 νέων
311 1904 363 1967 hui
390 1909 449 1969 τοῦ
472 1925 513 1984 φ,
541 1905 577 1969 εὐ
606 1912 651 1991 τῷ
678 1905 792 1989 ἀφένῳ
812 1903 1012 1987 χρωμένων,
1042 1905 1087 1969 ὡς
1118 1904 1279 1984 Κλέαρχος
1309 1906 1343 1971 έν

178 2006 247 2067 ταῖς
269 2006 432 2080 γλώτταις.
470 2007 516 2070 A.
538 2011 604 2071 τῶν
631 2007 749 2071 καλούς
777 2006 898 2085 ἀγροὺς
925 2005 1068 2084 ἐχόντων
1090 2007 1110 2084 ἢ
1132 2006 1219 2085 γένη.
1256 2005 1286 2070 οἱ
1308 2009 1344 2071 δὲ

179 2105 430 2189 εὐηφενέων,
473 2108 561 2186 παρὰ
589 2109 627 2172 τὸ
664 2106 804 2189 ἄφενος,
841 2113 907 2174 τῶν
942 2111 1049 2172 καλῶς
1085 2107 1262 2186 χρωμένων
1298 2115 1343 2192 τῷ

178 2205 304 2292 ἀφένῳ.
333 2210 369 2270 B.
407 2211 611 2291 Similiterque
645 2211 810 2292 Hesychius
843 2208 1030 2289 εὐηφενέων
1064 2213 1279 2290 interpretatur
1306 2209 1343 2273 εὐ

178 2309 419 2375 πλουτούντων.
448 2311 490 2373 lle
513 2313 569 2373 hoc
591 2310 656 2373 loco
678 2312 812 2375 Rhianus
834 2313 1027 2390 singulariter
1049 2315 1174 2373 meritus
1196 2320 1251 2382 est,
1274 2331 1341 2374 oum

178 2413 258 2472 inter
280 2431 384 2475 omnes
405 2416 521 2495 primus
542 2418 743 2495 perspiceret,
767 2417 945 2477 adiectivum
961 2413 1131 2491 εὐηγενής,
1155 2414 1234 2494 quod
1251 2423 1284 2475 ut
1305 2433 1341 2474 eo

178 2522 313 2594 tempore
336 2516 485 2593 vulgatum
502 2526 580 2587 erat,
604 2520 648 2578 sic
671 2519 762 2578 etiam
784 2517 872 2578 hodie
900 2519 932 2578 in
961 2516 1061 2577 multis
1083 2523 1179 2577 exstat
1201 2516 1341 2578 editioni·

177 2614 250 2686 hus,
272 2633 397 2693 prorsus
410 2635 578 2696 repugnare
594 2619 725 2698 legibus,
748 2618 858 2700 quihus
872 2625 954 2680 recta
969 2618 1129 2680 verborum
1145 2617 1341 2680 conformatio

176 2719 209 2777 in
239 2735 346 2795 graeca
380 2718 482 2797 lingua
509 2722 631 2782 astricta
659 2728 714 2782 est.
758 2721 840 2781 ldem
875 2739 944 2782 cum
971 2721 1087 2800 legatur
1114 2723 1204 2781 etiam
1232 2716 1341 2784 Λ427

176 2816 448 2895 αὐτοκαςίγνητον
470 2819 642 2898 εὐηγενέος
664 2820 802 2904 (nuovo,
830 2825 862 2883 in
889 2822 946 2882 hoc
968 2841 1086 2903 quoque
1109 2840 1198 2882 versu
1225 2818 1340 2899 εὐηφε·

175 2919 252 2987 νέος
275 2921 312 2981 ab
335 2941 370 2982 ec
393 2923 588 2986 substitutum
611 2942 676 2984 esse
691 2939 746 3004 pro
768 2931 850 2985 certo
865 2923 1036 2986 habendum
1059 2932 1113 2985 est.
1144 2922 1228 2993 Quod
1251 2941 1340 3003 quam

176 3030 259 3084 recte
282 3024 403 3094 lecerit,
427 3033 584 3106 postquam
607 3026 659 3086 diu
680 3027 819 3088 homines
837 3027 940 3086 doctos
962 3022 1097 3104 lugit³⁴),
1120 3032 1222 3086 nostra
1244 3033 1339 3086 aetate

175 3127 272 3204 magis
294 3129 446 3208 magisque
469 3128 653 3189 intellectum
683 3137 743 3190 est:
772 3148 841 3190 nam
869 3147 938 3189 cum
958 3129 1032 3205 hug.
1057 3127 1252 3188 Nauckius
1274 3128 1341 3187 Ari·

176 3227 273 3305 steph.
303 3246 334 3306 p.
361 3225 404 3290 50
435 3237 496 3290 not.
527 3226 570 3290 64
601 3232 757 3291 verissime
790 3231 939 3292 Rhianum
977 3236 1007 3290 et
1038 3228 1266 3306 Aristophanem
1299 3231 1340 3290 ita

176 3331 332 3410 scripsisse
353 3327 532 3408 dixissetii),
550 3331 633 3392 lmm.
652 3331 848 3394 Beklrerus
869 3335 902 3394 iu
918 3332 1048 3393 editione
1073 3331 1167 3393 altera
1189 3328 1226 3411 (a.
1244 3327 1336 3412 1858)

244 3603 288 3668 34)
305 3598 407 3654 Mirum
425 3601 483 3667 eat,
503 3600 579 3670 quud
596 3599 759 3670 Heyniua,
783 3616 952 3670 quamquam
970 3599 1114 3654 damnavit
1132 3599 1278 3666 εὐηγενής,
1298 3615 1339 3654 re·
1395 3637 1397 3640 -

174 3683 303 3753 pudiavii
320 3685 415 3738 tamen
433 3684 508 3752 quod
526 3685 632 3738 dudum
655 3687 721 3739 ante
744 3701 808 3738 eum
825 3684 978 3739 rectissime
1001 3683 1192 3753 excogitatum
1210 3685 1285 3753 erat,
1310 3686 1339 3738 et

174 3770 298 3836 ἠογενής
319 3767 420 3822 maluit
441 3768 521 3839 poni,
545 3768 580 3822 de
601 3784 656 3836 quo
677 3769 757 3823 Imm.
775 3769 918 3823 Bekkerua
938 3768 968 3822 in
985 3785 1101 3823 censura
1122 3767 1173 3822 illa
1194 3768 1339 3823 notissima

174 3852 252 3922 (anui
270 3856 346 3921 1806)
364 3854 432 3908 satia
454 3854 555 3910 acerbe
577 3854 648 3908 dixit
670 3854 794 3925 (Homer.
818 3853 1047 3924 Blsuerp.21):
1072 3853 1162 3908 ‘Doch
1178 3852 1272 3908 haben
1288 3853 1339 3908 vvir

174 3937 221 3992 bei
242 3937 422 4007 sorgftiltiger
445 3938 638 4009 Durohlesung
659 3940 709 3994 des
731 3955 838 4008 gunzen
859 3938 977 3994 Werkes
999 3938 1067 3994 zwei
1084 3937 1270 4008 conjecturen
1292 3955 1339 4008 ge-

173 4022 291 4090 funden,
312 4021 422 4077 t'reilich
444 4022 537 4077 solche
556 4023 601 4078 die
624 4023 705 4077 einen
721 4023 800 4077 nieht
817 4023 903 4077 sehon
920 4024 1088 4078 berilhrnten
1110 4022 1272 4078 schwerlieh
1289 4023 1337 4077 be·

173 4106 269 4160 riihmt
286 4106 404 4162 macheu
421 4106 546 4162 diirflen:
569 4107 708 4163 nehmlich
729 4109 776 4162 fiir
794 4109 955 4178 εὐηγενέων
978 4111 1002 4164 Ψ
1019 4113 1052 4162 81
1069 4106 1127 4161 und
1142 4109 1164 4160 Λ
1182 4113 1231 4162 427
1254 4110 1337 4175 ἠϋγε-

173 4194 263 4260 νέων,
290 4209 348 4246 was
374 4191 403 4245 in
431 4192 522 4247 einem
550 4192 708 4248 missliohen
735 4191 838 4247 Streite
868 4191 920 4246 mit
946 4191 997 4248 der
1022 4191 1155 4247 Prosudie
1184 4209 1219 4245 zu
1244 4192 1347 4260 liegen

172 4277 300 4332 echernt)

241 4361 623 4434 35)Heeosunt1iauokii
647 4363 748 4420 verbe:
779 4362 863 4419 ‘Nem
886 4365 1025 4434 εὐηγενὴς
1047 4362 1173 4432 quamvis
1196 4363 1226 4418 et
1247 4361 1336 4421 Theo·
