3340 5164
864 1050 926 1124 VI.

399 1241 555 1319 Congestis
584 1248 613 1300 ct
641 1238 814 1317 singillatim
836 1240 1029 1318 pertractatis
1056 1238 1208 1299 Rhianeae
1237 1238 1379 1298 editionis
1405 1237 1477 1298 reli·

314 1346 393 1424 quiis
415 1350 508 1404 restat
531 1352 564 1403 ut
579 1360 654 1422 qnae
670 1342 739 1401 inde
756 1348 974 1418 cognoscantur
990 1339 1025 1408 ad
1049 1340 1212 1400 indolem
1235 1349 1270 1399 ct
1293 1342 1478 1400 rationem
1519 1340 1521 1355 '

314 1447 408 1506 artis
431 1446 595 1504 criticae
618 1463 635 1504 a
657 1442 801 1504 Rhiano
823 1442 1024 1503 iactitatae
1046 1448 1129 1502 recte
1152 1441 1383 1511 diiudicandum,
1407 1441 1477 1502 hre-

314 1548 389 1608 viter
412 1543 596 1624 complectar
618 1552 648 1604 et
670 1546 755 1624 quasi
777 1562 836 1604 uno
859 1546 890 1604 in
913 1551 1077 1623 conspectu
1099 1562 1217 1622 ponam.
1280 1542 1287 1554 '

397 1648 492 1727 Atque
513 1646 783 1707 Alexandrinorum
810 1645 931 1725 quidem
954 1647 1129 1707 criticorum
1157 1647 1188 1705 in
1211 1645 1330 1713 ordine,
1359 1652 1477 1724 tempo·

313 1767 380 1810 rum
403 1750 520 1809 ratione
548 1746 666 1816 habita,
695 1766 764 1807 eum
787 1747 903 1808 Rhiano
930 1747 1029 1816 locum
1056 1749 1286 1824 assignavimus
1317 1750 1369 1827 qui
1396 1750 1478 1808 inter

313 1847 502 1930 Apollonium
531 1849 679 1910 Rhodium
712 1858 758 1910 est
790 1857 820 1909 ct
850 1848 1077 1928 Aristophanem
1106 1848 1298 1928 Byzantium,
1332 1848 1477 1930 illumque

312 1953 443 2030 primum
471 1959 539 2030 post
565 1950 764 2020 Zenodotum,
799 1953 851 2031 qni
878 1952 1008 2026 opauco<
1035 1950 1102 2012 τῶν
1130 1945 1271 2026 Ὁμήρου
1299 1949 1477 2026 διορθωτήε

313 2053 442 2122 exstitit,
472 2051 574 2112 lliadis
597 2059 626 2112 et
648 2051 797 2131 Odysseae
826 2037 960 2112 carmina
987 2054 1141 2128 recognita
1170 2059 1200 2110 et
1227 2051 1384 2113 emendata
1411 2051 1477 2113 edi-

314 2155 393 2214 disse
416 2154 556 2214 diximus
601 2153 664 2214 lern
687 2172 757 2214 cum
779 2153 950 2213 Zenodotus
978 2152 1055 2230 apud
1079 2151 1215 2214 homines
1245 2153 1395 2221 cruditos,
1423 2156 1478 2232 qui

312 2265 376 2316 lum
397 2255 595 2317 Alexandriae
617 2263 718 2323 erant,
747 2254 925 2315 auctoritate
953 2253 1115 2334 plurimum
1143 2253 1286 2323 valuerit,
1315 2254 1402 2315 iacile
1425 2274 1477 2315 ex-

312 2358 494 2436 spectaveris
517 2357 665 2417 Rhianum
693 2363 744 2416 aut
765 2363 860 2416 totum
891 2375 923 2416 sc
952 2356 1146 2435 applicavisse
1174 2356 1209 2417 ad
1237 2356 1383 2435 praeclari
1412 2377 1475 2417 ma-

312 2459 400 2536 gistri
422 2457 607 2538 exemplum,
631 2464 665 2518 ut
687 2459 718 2518 in
741 2456 833 2517 verba
856 2459 922 2517 eius
944 2459 1059 2518 iuraret
1081 2466 1110 2517 et
1133 2475 1182 2526 ca,
1206 2456 1316 2537 quibus
1339 2455 1388 2518 ille
1411 2457 1475 2519 lau·

313 2559 380 2619 dem
404 2567 433 2620 et
456 2559 684 2620 admirationem
708 2566 887 2620 consecutus
916 2566 1010 2627 esset,
1040 2560 1128 2620 etiam
1157 2577 1299 2638 superare
1328 2558 1474 2629 studeret,

312 2667 363 2721 aut
386 2667 419 2720 ut
441 2679 526 2721 suam
549 2663 580 2721 in
603 2661 763 2722 iudicando
786 2659 956 2723 libertatem
978 2668 1008 2721 et
1030 2661 1236 2737 integritatem
1251 2661 1474 2730 testificaretur,

311 2763 478 2822 doctrinam
501 2770 531 2822 et
552 2763 699 2823 rationem
716 2764 781 2823 eius
803 2764 939 2822 criticam
963 2761 1062 2822 dedita
1086 2780 1177 2841 opera
1200 2764 1419 2841 inpugnavisse,
1444 2763 1474 2822 id

310 2864 390 2942 quod
418 2863 606 2944 Apollonium
634 2863 784 2924 Rhodium
810 2862 890 2923 libro
917 2860 1001 2939 πρὸ(
1028 2859 1217 2938 Ζηνόδοτον
1245 2862 1377 2942 pedestri
1406 2882 1474 2924 ora·

310 2967 392 3025 tione
415 2967 587 3043 conscripto
610 2966 718 3025 iecisse
741 2967 803 3024 veri
826 2961 923 3024 simile
946 2972 1007 3024 est:
1042 2965 1098 3024 eir.
1122 2963 1364 3042 Sengebuschius
1386 2965 1472 3026 llom.

311 3066 383 3126 diss.
404 3067 419 3126 l
440 3086 469 3146 p.
492 3063 544 3128 42.
588 3066 721 3137 Quorum
743 3065 877 3127 Rhianus
899 3073 1039 3127 neutrum
1062 3067 1148 3135 iecit,
1173 3065 1223 3125 sed
1240 3064 1342 3125 sobrio
1365 3074 1395 3127 et
1410 3085 1472 3126 mo·

310 3168 414 3228 dorato
437 3168 549 3228 iudicio
571 3186 643 3228 usus
665 3168 754 3227 modo
783 3169 936 3228 consensit
963 3185 1031 3228 cnm
1054 3167 1205 3227 Zenodoto
1233 3169 1355 3247 eiusque
1381 3171 1472 3228 vcsti-

309 3271 367 3345 giis
390 3270 517 3337 institit,
545 3269 634 3330 modo
662 3268 699 3329 ab
723 3286 758 3328 eo
786 3271 913 3330 recessit
940 3275 985 3337 et,
1013 3267 1066 3328 ubi
1094 3271 1173 3329 iusto
1202 3268 1346 3328 fervidius
1375 3271 1472 3346 egisse

309 3370 477 3438 videretur,
501 3371 648 3430 rationem
671 3371 736 3430 eius
752 3368 931 3448 inprobavit.
955 3369 1029 3430 Nam
1044 3369 1174 3430 vidimus
1189 3388 1258 3430 eum
1273 3372 1289 3433 ξ
1305 3365 1368 3430 295
1384 3366 1470 3448 (4)⁵⁶)

309 3480 338 3531 et
360 3468 466 3532 Υ331
493 3466 554 3549 (18)
578 3470 718 3532 nonnulla
740 3478 906 3533 mutuatum
930 3489 995 3531 esse
1018 3470 1055 3532 ab
1078 3472 1130 3540 iis,
1160 3490 1234 3551 quae
1258 3474 1317 3531 iam
1338 3469 1471 3532 Zenodo-

309 3581 357 3634 tus
380 3575 562 3651 praeiverat,
592 3573 784 3653 eiusdemque
808 3571 843 3633 ad
868 3574 1075 3633 auctoritatem
1110 3572 1186 3634 haud
1222 3571 1313 3632 dubie
1345 3591 1375 3632 se
1399 3591 1470 3632 con-

300 3673 394 3764 tulit,
423 3693 492 3735 cum
521 3670 621 3739 2522
644 3670 683 3754 (5)
714 3681 744 3734 et
766 3692 787 3736 α
811 3670 871 3735 124
898 3669 958 3752 (22)
989 3673 1097 3734 lonicis
1127 3673 1338 3735 vocabulorum
1366 3674 1471 3734 formis

262 3824 264 3828 .
309 3775 457 3834 restitutis
480 3774 643 3836 llomerum
665 3775 784 3836 lonicae
813 3777 901 3852 stirpi
924 3776 1105 3836 vindicaret:
1144 3775 1198 3834 cir.
1229 3774 1471 3854 Sengebuschius

308 3876 394 3936 Hom.
428 3874 499 3935 diss.
523 3874 549 3934 ll
572 3893 601 3952 p.
625 3872 666 3936 64
689 3884 719 3936 et
741 3873 792 3936 65.
837 3876 878 3936 Ac
901 3883 1058 3954 praeterea
1091 3875 1149 3936 hoc
1182 3894 1299 3955 quoque
1332 3895 1401 3937 cum
1434 3895 1469 3936 eo

308 3995 465 4039 commune
488 3975 607 4044 habuit,
630 3977 708 4056 quod
731 3979 828 4038 varias
844 3977 992 4039 editiones
1015 3977 1166 4056 antiquae,
1190 3995 1264 4058 quas
1287 3980 1395 4040 critico
1418 3997 1468 4038 ne-

375 4260 420 4329 56)
438 4260 488 4314 His
507 4260 613 4316 uncinis
630 4257 729 4314 inclusi
746 4275 875 4315 numeros
893 4276 954 4328 eos,
978 4277 1046 4330 quos
1068 4261 1097 4315 in
1119 4261 1211 4332 capite
1234 4260 1331 4330 quinto
1353 4261 1470 4332 singulis

306 4344 470 4402 lectionibus
486 4345 516 4400 in
533 4343 659 4415 margine
677 4344 799 4415 ascripsi.
