3340 5164
821 405 968 504 -.15

313 600 460 659 inermem
481 598 623 658 insidiose
639 603 867 676 oppresserunt,
891 597 999 673 gaudio
1015 595 1085 657 clati
1107 603 1167 657 tarn
1189 595 1376 657 inmoderato
1390 597 1475 675 potui

313 719 343 760 se
367 700 527 769 dederunt,
552 706 584 759 ut
606 697 750 759 ebrietate
780 699 868 777 sopiti
891 697 928 758 ab
951 698 1136 758 Aristomene
1167 717 1328 776 generosae
1350 700 1476 776 virginis

298 819 368 880 ¹ope
398 800 524 861 liberato
552 799 640 860 facile
669 801 912 860 interficerentur
946 805 975 858 et
1002 817 1055 858 suo
1083 800 1219 878 exemplo
1248 799 1476 879 comprobarent

314 901 385 961 illud
415 900 531 979 Κρῆτες
559 899 610 964 ἀεὶ
637 903 784 980 paucior,
815 898 895 963 κακὰ
922 897 1030 981 θηρία,
1064 900 1211 977 γαετὲρεε
1239 899 1342 979 ἀργαί.
1388 901 1475 962 Certe

313 1004 447 1064 llhianus
481 1005 539 1064 nisi
571 1007 667 1083 patria
700 1011 816 1064 mature
846 1001 952 1062 relicta
987 1005 1052 1063 aius
1079 1002 1167 1082 plane
1196 1003 1308 1065 oblitus
1335 1004 1475 1082 omniqua

313 1108 436 1166 caritate
460 1113 565 1166 erutus
588 1113 681 1174 esset,
712 1104 767 1165 hoc
790 1105 977 1184 popularium
1007 1123 1128 1166 suorum
1151 1105 1246 1165 lamae
1270 1104 1398 1165 dandum
1421 1123 1475 1183 pu-

315 1209 449 1278 tavisset,
474 1215 506 1268 ut
528 1208 715 1268 Cretensium
738 1206 890 1267 inlocum
913 1206 986 1266 alios
1008 1223 1044 1265 ex
1059 1205 1363 1267 Lacedaemoniorum
1386 1207 1476 1266 sociis

313 1308 517 1370 substitueret.
562 1307 646 1379 Quod
680 1327 715 1369 eo
747 1311 810 1368 veri
833 1308 960 1368 similius
982 1315 1041 1378 est,
1066 1327 1133 1368 curn
1155 1310 1233 1387 quod
1256 1309 1501 1386 mercennarios¹

314 1411 471 1472 Cretenses
493 1413 619 1471 carmini
641 1412 785 1479 intexuit,
814 1410 845 1470 id
875 1429 933 1470 non
956 1429 992 1469 ex
1021 1409 1173 1471 veteribus
1195 1410 1410 1471 Messeniorum
1432 1411 1475 1469 l'a·

314 1511 392 1573 bulis
416 1515 555 1592 petitum,
580 1513 647 1583 sed,
672 1521 704 1574 ut
726 1513 780 1574 Od.
802 1512 963 1573 Muellerus
987 1513 1023 1572 de
1046 1512 1182 1572 horiens.
1206 1511 1219 1571 l
1241 1532 1270 1591 p.
1290 1509 1351 1573 144
1372 1511 1475 1572 ohser-

314 1617 410 1682 vavit,
455 1617 634 1676 recentioris
672 1616 771 1693 poesis
812 1613 956 1675 indicium
996 1633 1060 1674 csse
1099 1614 1248 1675 videatur:
1297 1615 1351 1674 clr.
1386 1617 1474 1675 etiarn

313 1715 462 1776 llocchius
479 1717 584 1777 Cretae
601 1716 640 1776 lll
657 1736 686 1796 p.
702 1713 774 1777 461.
813 1715 894 1786 Quae
910 1735 977 1777 cum
994 1719 1035 1776 ita
1056 1735 1086 1776 sa
1102 1716 1245 1786 habeant,
1275 1719 1340 1776 iure
1362 1717 1474 1778 Meina-

313 1817 381 1877 hius
402 1819 488 1887 lecit,
518 1818 594 1897 quod
624 1821 873 1879 commentatione
901 1837 953 1879 sua
982 1819 1018 1878 de
1041 1818 1157 1879 Rhiano
1179 1818 1328 1878 Analectis
1350 1818 1474 1880 Alexan·

313 1919 409 1979 drinis
433 1921 545 1980 inserta
568 1920 646 1980 hunc
662 1921 868 1982 Alexandrinis
889 1923 987 2000 poetis
1010 1927 1039 1980 ct
1061 1922 1263 1998 grammaticis
1278 1919 1474 1981 adnumeran-

314 2021 383 2080 dum
406 2039 471 2081 esse
495 2020 664 2081 declaravit.
710 2021 782 2082 Cum
805 2029 905 2082 autern
927 2022 1036 2083 Rhiani
1065 2025 1141 2082 vitae
1163 2022 1217 2082 hos
1240 2025 1384 2083 terminos
1406 2041 1475 2082 con·

313 2123 513 2192 stituerimus,
537 2130 569 2182 ut
592 2123 628 2183 ab
652 2141 729 2184 anno
751 2119 814 2184 250
837 2125 900 2184 lere
925 2142 1017 2203 usquc
1041 2125 1077 2184 ad
1101 2142 1210 2184 annum
1232 2119 1296 2184 200
1316 2125 1474 2203 pertineat,

313 2242 438 2302 cumque
462 2224 643 2285 Zenodotum
666 2224 712 2285 01.
738 2223 798 2286 133
827 2229 887 2286 sive
917 2221 1078 2287 1111110248
1107 2232 1234 2286 mortem
1257 2225 1383 2293 obiisse,
1409 2227 1474 2286 Ari-

313 2325 488 2403 stophanem
525 2325 701 2406 Byzantium
729 2326 773 2391 01.
805 2325 866 2387 144
899 2329 960 2388 sive
995 2347 1071 2388 anno
1098 2323 1163 2387 204
1194 2327 1331 2388 lloruisse
1367 2327 1475 2387 Suidae

313 2418 484 2486 testimonio
496 2429 660 2498 evincatur,
677 2431 938 2506 grammaticorum
951 2429 1217 2491 Alexandrinorum
1229 2428 1327 2489 ordini
1343 2429 1476 2489 Rhianus

312 2531 353 2587 lta
382 2530 617 2608 interponendas
647 2533 719 2601 erit,
749 2539 782 2591 ut
811 2535 870 2592 una‘
897 2549 964 2592 cum
992 2531 1187 2592 Eratosthene
1215 2531 1312 2592 locum
1343 2531 1498 2592 obtineat·

312 2632 391 2690 inter
414 2630 595 2692 Zenodotum
619 2641 648 2692 et
670 2633 900 2712 Aristophanem
922 2629 1149 2713 Byzantium.¹⁰)

312 2784 513 2793 --.-.---——.-

382 2885 424 2945 10)
443 2881 515 2936 Mira
533 2883 577 2936 est
594 2881 696 2936 Rhiani
709 2883 743 2937 de
768 2885 861 2938 aetate
880 2885 909 2938 et
927 2884 995 2938 artis
1009 2884 1121 2938 criticae
1142 2885 1244 2937 natura
1255 2882 1328 2936 inter
1350 2881 1476 2936 homines

312 2963 409 3018 doctos
431 2965 574 3021 dissensio.
609 2965 682 3020 Nam
699 2965 805 3021 Theod.
824 2967 1017 3022 Beccardus
1037 2968 1071 3022 de
1090 2966 1200 3022 scholiis
1217 2967 1246 3020 in
1258 2967 1338 3020 Hom.
1357 2966 1475 3021 Ihadem

311 3048 428 3104 Venetis
439 3049 532 3104 Berol.
546 3056 611 3106 1850
620 3069 668 3120 pp.
680 3057 721 3106 47.
738 3057 771 3106 48
783 3051 922 3106 Rhianum
941 3051 974 3105 iis
992 3052 1171 3118 adnumerat,
1191 3051 1239 3119 qui
1255 3051 1333 3106 nulla
1344 3050 1402 3106 iam
1414 3052 1475 3106 arte

311 3133 495 3202 grammatica
522 3134 648 3189 adhibita
671 3135 882 3190 Homericornm
909 3137 1061 3191 carminum
1088 3139 1217 3203 ἑκδόεειε,
1236 3152 1293 3189 non
1316 3137 1475 3204 διορθώεειε

311 3217 438 3272 fecerint.
475 3218 563 3284 Quem
589 3219 619 3272 in
646 3235 770 3274 errorem
796 3237 829 3275 eo
853 3220 982 3275 inductus
1010 3238 1069 3276 esse
1091 3221 1213 3286 videtur,
1242 3220 1317 3289 qnod
1334 3220 1474 3274 Rhianum

312 3303 391 3356 ante
409 3303 582 3357 Zenodotum
601 3304 693 3358 studia
711 3321 760 3358 sua
777 3304 899 3360 Homero
919 3304 1024 3360 dicasse
1043 3307 1181 3376 opinatur.
1207 3304 1281 3359 Dicit
1299 3304 1384 3360 enim:
1409 3305 1475 3360 ‘No-

311 3386 448 3456 tissimum
466 3390 522 3454 est,
547 3387 576 3441 in
599 3388 710 3442 scholiis
728 3389 830 3444 nostris
848 3390 898 3444 has
920 3389 1015 3445 Iliadis
1037 3389 1175 3445 nominari
1198 3389 1347 3446 editiones:
1376 3386 1474 3444 Massi-

311 3472 440 3540 liensem,
460 3469 569 3540 Chiam,
588 3473 761 3543 Argohcam,
774 3474 969 3544 Sinopensem,
983 3475 1126 3545 Cypriam,
1145 3474 1294 3540 Creticam,
1306 3472 1474 3541 Antimachi,

310 3556 451 3624 Philetas,
473 3557 611 3625 aniani,
634 3559 817 3625 Philemonis,
841 3559 960 3628 denique
979 3559 1129 3627 Sosigenis.
1164 3558 1244 3612 Turn
1266 3576 1345 3614 vero
1368 3559 1475 3613 exstitit

311 3641 481 3709 Zenodotus,
500 3643 548 3712 qui
565 3643 689 3698 omnium
706 3644 811 3714 primns
830 3661 892 3698 cum
910 3643 1028 3699 andacia
1046 3645 1130 3712 atque
1152 3643 1255 3698 iudicio
1275 3644 1311 3698 ad
1329 3660 1475 3698 recensen-

311 3725 377 3778 dam
389 3725 507 3781 Iliadem
525 3745 673 3797 aggressus
692 3731 753 3784 est’.
789 3728 866 3783 ldem
884 3729 988 3783 sentire
1006 3729 1115 3782 videtur
1134 3729 1331 3798 Bernhardy
1352 3729 1398 3783 Gr.
1417 3729 1474 3782 litt.

310 3809 374 3864 hist.
394 3809 466 3880 Hp.
488 3819 544 3866 152.
579 3814 604 3866 A
622 3814 722 3880 quibus
749 3815 885 3882 quantum
904 3813 998 3867 'distat
1023 3813 1096 3868 Max.
1124 3813 1158 3867 de
1180 3813 1344 3882 Karajan,
1371 3813 1419 3881 qui
1445 3812 1473 3865 in

311 3896 558 3951 commentatione:
595 3897 705 3952 ‘Ueber
731 3897 775 3952 die
797 3896 1014 3952 Handschrifteu
1042 3898 1092 3952 der
1119 3897 1248 3952 Scholien
1274 3915 1322 3952 cur
1349 3896 1472 3965 Odyssea

310 3979 394 4034 Wien
413 3985 489 4035 1857’
516 4003 541 4051 p.
556 3989 584 4048 7,
603 3981 651 4036 ubi
669 3984 826 4052 temporum
844 3982 941 4037 ordine
959 3983 1107 4038 observato
1125 3983 1323 4052 grammaticos
1340 3981 1375 4035 de
1389 3979 1474 4049 Odys-

311 4081 359 4118 sea
381 4065 495 4120 meritos
518 4069 677 4132 enumerat,
702 4067 781 4121 dicit:
814 4067 969 4122 ‘Zun'aehst
991 4068 1039 4122 des
1061 4067 1261 4137 Aristophanes
1282 4083 1337 4121 von
1355 4065 1473 4134 Byzana,

310 4147 434 4204 Rhianos
451 4150 508 4204 und
525 4150 668 4205 Aristarch
690 4151 832 4207 txhdcerc’.
857 4151 950 4207 Etiam
968 4152 1003 4206 ab
1022 4153 1093 4221 Aug.
1113 4152 1239 4207 Nanckio
1258 4150 1473 4220 Aristophanem

310 4236 376 4289 ante
393 4235 533 4290 Rhianum
549 4235 618 4304 poni
636 4237 734 4304 postea
752 4236 915 4292 videbimus.

789 4379 939 4386 Ἃ..
969 4381 981 4386 ..
