3340 5164
840 387 992 484 —ee—

333 579 440 638 lamem
464 580 515 636 ant.
536 575 616 635 sitim
638 576 746 642 sensit,
770 573 864 635 donec
887 574 1034 635 defessam
1056 572 1151 632 dulcis
1173 590 1294 632 somnus
1315 573 1435 634 invasit.
1466 573 1500 634 ln

334 674 535 755 pulcherrima
557 674 613 736 hac
641 675 841 755 descriptione
864 676 956 735 animi
972 674 1101 734 materni
1124 674 1307 749 gravissimis
1322 675 1403 733 curis
1419 672 1501 735 solli-

334 779 418 837 citati
440 795 533 837 unum
555 776 627 837 illud
651 775 817 846 desideras,
841 776 920 855 quod
936 775 1070 835 Rhianns
1084 771 1214 833 addidit:
1238 792 1275 834 an
1291 776 1387 853 potuit
1402 777 1502 853 aptius

333 885 435 964 poeta,
464 880 561 958 potuit
590 878 808 955 significantius
837 877 919 938 illum
949 875 1135 945 describere,
1164 891 1253 953 quarn
1285 892 1352 935 cum
1376 875 1501 937 Penelo-

333 998 401 1059 pam
435 998 494 1040 non
516 979 604 1040 modo
627 979 695 1040 cibo
718 987 748 1038 et
774 987 862 1059 potu,
897 979 950 1038 sed
981 979 1061 1038 omni
1085 977 1174 1037 etiam
1196 974 1403 1037 lamentatione
1433 977 1501 1038 abs-

335 1082 457 1141 tinuisse
486 1077 684 1160 narraru‘ltl)
722 1079 844 1140 Scilicet
876 1079 932 1140 hoc
961 1086 1007 1139 est
1039 1079 1163 1139 insitum
1192 1084 1313 1138 naturae
1342 1077 1500 1150 humanae,

333 1191 366 1244 ut
393 1185 424 1243 in
456 1201 571 1246 summe
599 1183 723 1246 tristitie
751 1181 1005 1250 obmutescamus,
1041 1188 1073 1240 ut
1106 1178 1316 1240 acerbissimus
1349 1180 1432 1240 dolor
1467 1199 1502 1240 ac

332 1283 430 1345 luctus
452 1286 538 1364 qnasi
560 1284 692 1360 lingnam
720 1289 821 1342 teneat
851 1289 880 1342 et
902 1285 934 1341 in
957 1282 1015 1343 alta
1037 1288 1136 1340 mente
1164 1281 1313 1358 repositus
1335 1281 1500 1344 delitescat.

333 1385 370 1445 Et
393 1387 436 1446 sic
458 1385 621 1464 Penelopa,
645 1391 679 1444 ut
700 1387 831 1464 primurn
854 1402 870 1444 a
894 1383 1029 1443 Medonte
1051 1399 1198 1460 praecone
1222 1383 1339 1441 tristem
1362 1385 1500 1442 nuntium

333 1489 463 1567 aceepit,
487 1505 558 1566 prae
581 1486 683 1548 dolore
707 1486 759 1546 diu
781 1486 862 1564 loqui
886 1503 946 1544 non
968 1490 1101 1564 poterat:
1139 1482 1199 1559 δὴν
1228 1481 1264 1545 δέ
1286 1501 1337 1558 μιν
1360 1481 1500 1562 ἀμφαείη

333 1585 438 1650 ἐπέων
461 1585 539 1666 λάβε
563 1585 599 1664 (ν.
623 1583 711 1666 704);
746 1585 854 1647 deinde
887 1604 959 1646 vero
992 1585 1084 1645 multo
1113 1602 1180 1644 curn
1213 1586 1326 1661 gemitu
1355 1593 1385 1644 et
1406 1584 1500 1645 flebili

332 1689 544 1750 lamentatione
572 1688 703 1757 ancillis,
733 1687 806 1767 quid
834 1689 879 1747 rei
909 1695 1001 1756 esset,
1034 1685 1165 1747 narravit
1192 1692 1222 1745 et
1249 1688 1395 1746 sacrificio
1423 1687 1501 1749 lacto

332 1790 474 1870 precibus
501 1790 644 1851 auxilium
673 1789 823 1850 Minervae
852 1789 1030 1868 imploravit.
1074 1786 1230 1848 Postremo
1257 1806 1324 1848 cum
1352 1788 1425 1848 fletu
1453 1808 1499 1849 sa-

333 1894 405 1952 tiata
430 1900 510 1953 esset
531 1900 562 1953 ot
583 1893 700 1952 divinae
728 1894 796 1970 opis
823 1891 1000 1952 confidentia
1030 1909 1115 1950 mens
1143 1889 1304 1969 paullulum
1331 1888 1446 1968 placata
1469 1898 1501 1949 et

334 1994 520 2062 confirmata,
553 1996 583 2054 iu
619 1992 778 2054 solitudine
813 1996 916 2054 matris
947 1993 1079 2053 dolorem
1113 1998 1226 2052 mutum
1256 2009 1320 2051 esse
1350 1993 1499 2052 convenit.

333 2095 438 2174 Neque
463 2096 518 2155 boc
541 2096 653 2172 lugisse
676 2093 852 2166 Homerum,
876 2096 927 2175 qui
950 2095 1094 2154 humanos
1116 2111 1221 2153 sensus
1249 2100 1280 2153 et
1301 2093 1425 2154 allectus
1445 2112 1499 2172 pe·

333 2199 415 2258 nitus
436 2198 652 2277 perspexisset,
676 2196 854 2258 documenta
877 2203 946 2258 sunt
965 2213 1069 2256 versus
1084 2194 1157 2266 duo,
1180 2197 1212 2254 in
1234 2194 1342 2274 quibus
1357 2191 1500 2257 ἄναυδοε

334 2305 509 2377 usurpatum
534 2315 599 2358 esse
623 2297 771 2357 videmus:
796 2294 904 2362 eloe.
930 2297 980 2357 nbi
997 2297 1096 2358 Vlixes
1119 2315 1134 2356 e
1156 2297 1312 2374 naufragio
1336 2313 1423 2373 aegre
1447 2315 1499 2358 na·

337 2398 426 2460 tando
448 2398 485 2459 ad
506 2399 674 2459 Phaeacum
696 2399 823 2461 insulam
847 2401 1018 2478 pervenisse
1041 2405 1071 2458 et
1093 2397 1207 2459 viribus
1222 2398 1374 2458 exhaustis
1397 2417 1500 2458 somno

335 2507 439 2579 captus
461 2519 526 2560 esse
549 2507 704 2561 narratur:
728 2497 747 2561 ὁ
770 2497 803 2563 δ’
825 2497 881 2576 ἄρ’
903 2497 1080 2562 ἄπνευετο(
1101 2498 1152 2562 καὶ
1167 2497 1308 2562 ἄναυδα(
1330 2498 1411 2561 κεῖτ’
1432 2497 1500 2563 ὀλι-

333 2599 517 2679 γηπελέων,
540 2598 679 2679 κάματοε
702 2599 738 2664 δέ
760 2620 812 2678 μιν
835 2599 925 2664 αἰνὸς
946 2598 1067 2665 ἵκανεν.
1110 2601 1201 2661 Multo
1223 2603 1348 2681 propius
1371 2619 1440 2661 vero
1462 2602 1499 2662 ad

333 2706 430 2765 nostri
464 2703 520 2763 loci
549 2702 777 2765 similitudinem
810 2702 924 2764 accedit
953 2698 1070 2772 κ378,
1100 2702 1151 2762 nbi
1181 2702 1282 2762 Vlixes
1309 2721 1324 2762 a
1349 2704 1434 2764 Circe
1462 2704 1498 2763 ad

334 2806 501 2866 cenandum
529 2807 671 2867 invitatus
698 2824 754 2865 nec
784 2805 884 2866 cibum
907 2823 962 2865 nec
989 2810 1092 2883 potum
1115 2811 1228 2882 gustat,
1257 2806 1339 2882 gravi
1362 2822 1498 2865 maerore

333 2907 462 2969 alllictus
484 2905 522 2965 ob
544 2906 696 2967 inlelicem
711 2912 974 2966 transmutatorum
992 2908 1139 2966 sociorum
1156 2890 1285 2976 sortem;
1308 2925 1396 2985 quem
1412 2906 1498 2968 Circe

333 3008 517 3088 adloquitur:
546 3005 638 3085 τίφθ’
666 3004 784 3086 odron,
808 3005 955 3086 Ὀδυεεῡ,
985 3006 1057 3069 κατ’
1079 3003 1135 3083 ἄρ’
1157 3005 1240 3071 ἕζεαι
1263 3003 1331 3069 icoc
1347 3005 1498 3090 -ἀναύδῳ,

332 3108 432 3186 θυμὸν
455 3106 551 3189 ἔδων,
581 3107 706 3187 βρώμης
728 3107 763 3170 δ’
791 3106 851 3183 οὐχ
875 3105 987 3171 ἅπτεαι
1011 3107 1088 3171 οὐδὲ
1109 3110 1264 3184 ποτῆτοε;
1292 3108 1372 3179 Quos
1395 3128 1499 3171 versus

333 3213 359 3272 si
381 3212 565 3290 respexeris,
594 3228 692 3269 nonne
720 3208 870 3269 latendum
901 3213 974 3279 erit,
1003 3209 1112 3271 Rhiani
1141 3213 1341 3271 coniecturam
1370 3229 1437 3271 oum
1462 3212 1497 3272 ad

333 3331 399 3373 rem
420 3310 756 3373 accommodatissimam
777 3319 840 3373 turn
863 3311 900 3372 ab
917 3314 1021 3372 intima
1039 3311 1214 3373 Homericae
1238 3315 1312 3372 artis
1327 3314 1497 3390 cognitione

332 3413 497 3494 prolectam
521 3413 604 3473 esset

400 3667 444 3732 46)
462 3663 564 3730 Nemo,
589 3665 672 3733 puto,
699 3662 768 3716 mihi
785 3663 900 3730 obiciet,
928 3679 989 3717 cum
1007 3663 1149 3732 Penelopa
1166 3663 1232 3718 sola·
1248 3668 1336 3732 esset,
1363 3665 1425 3720 fieri
1441 3683 1497 3720 non

332 3745 469 3816 potuisse,
488 3748 519 3800 ut
535 3747 710 3816 loqueretur,
729 3765 795 3801 nam
813 3749 844 3800 ut
862 3750 1079 3802 consentaneum
1097 3749 1139 3802 est
1156 3747 1296 3803 humanae
1313 3750 1440 3816 naturae,
1458 3751 1497 3805 sie

334 3828 419 3884 eliam
437 3830 513 3898 opud
529 3830 681 3884 Homerum
702 3831 835 3898 legimus,
859 3831 983 3886 homines
1005 3831 1054 3886 ubi
1076 3831 1106 3886 in
1128 3849 1235 3888 summo
1258 3833 1417 3888 discrimine
1435 3851 1496 3888 ver-

333 3915 441 3981 sentur,
465 3913 532 3967 deos
555 3913 684 3968 invocare
703 3917 752 3968 aut
773 3931 856 3970 voces
877 3915 1072 3970 lamentabiles
1095 3916 1238 3972 effundere
1260 3918 1304 3972 vel
1326 3917 1382 3972 alie
1403 3935 1497 3973 secum

331 3999 399 4068 ipsis
426 3997 515 4064 loqui,
545 4013 715 4064 quemquam
740 4014 822 4053 nemo
853 3998 901 4066 qui
926 3999 1024 4054 audiet
1049 4001 1131 4055 adsit.
1165 4000 1204 4055 Vt
1230 4018 1264 4056 ex
1290 4001 1384 4056 multis
1410 4019 1497 4056 unum

332 4081 450 4136 afferam
467 4081 638 4150 exemplum,
664 4081 742 4152 legas
769 4084 925 4138 orationem
942 4083 1029 4139 Vlixis
1058 4102 1121 4139 cum
1146 4085 1232 4140 maris
1259 4088 1339 4140 aestu
1355 4086 1497 4154 lactentis,

332 4181 416 4235 quam
434 4165 477 4220 hir
494 4165 619 4220 versibus
637 4177 721 4234 poeta
739 4167 893 4222 exorditur:
921 4185 934 4222 ε
952 4174 1002 4222 293
1029 4171 1074 4223 καὶ
1091 4171 1158 4223 τότ’
1177 4171 1325 4238 Ὀδοεεῆοε
1344 4173 1413 4226 λύτο
1432 4173 1496 4236 γού-

331 4265 403 4305 νατα
421 4254 467 4305 καὶ
484 4250 570 4318 φίλον
595 4251 679 4319 ἦτορ,
707 4252 828 4318 δχθὴεαε
849 4253 879 4306 δ’
905 4253 959 4320 ἄρα
985 4253 1064 4308 εἷπε
1091 4254 1178 4320 πρὸ(
1205 4255 1244 4308 δν
1272 4256 1496 4323 μεγαλήτορα

333 4336 451 4401 θυμὸν.
