3340 5164
749 371 790 436 67

272 579 287 622 ε
309 556 382 621 253.
427 558 614 619 Describitur
643 562 716 620 ratis
743 561 905 628 confectio,
935 578 991 638 qua
1020 559 1120 621 Vlixes
1141 559 1283 639 Ogygiam
1306 557 1406 624 arr-30

187 662 282 724 sulam
315 661 477 721 relicturos
510 665 570 728 est,
603 667 633 719 et
663 660 796 738 singulae
830 662 895 720 eius
923 668 1023 741 partes
1054 669 1190 722 accurate
1213 660 1355 741 deinceps
1427 735 1428 738 Ἴ

189 770 418 826 enumerantur:

314 861 399 940 ἴκρια
421 863 457 925 δὲ
479 862 606 939 ςτήςας,
628 861 760 939 ἀραρὼν
782 861 889 942 θαμέςι
912 860 1121 943 ςταμίνεςςιν,

314 963 415 1028 ποίει·
437 963 517 1041 ἀτὰρ
541 968 692 1047 μακρῇςιν
716 962 1017 1041 ἐπηγκενίδεςςι
1039 962 1179 1028 τελεύτα.

188 1067 287 1130 Schol.
310 1064 629 1144 ἑπηγκενίδεςςι·
653 1063 758 1130 οὕτως
781 1065 990 1144 Ἀρίςπαρχος.
1014 1064 1139 1130 Ῥιανὸς
1161 1065 1197 1129 δὲ
1220 1064 1353 1129 ἐπιτα-

187 1167 310 1232 νίδες·
344 1165 447 1244 ἤγουν
479 1169 549 1229 ταῖς
577 1169 709 1245 μακραῖς
732 1167 784 1231 καὶ
810 1166 1083 1245 ἐπεκτεταμέναις.
1129 1167 1176 1228 Sic
1199 1168 1291 1230 codex
1321 1169 1353 1237 P,

188 1271 386 1331 Buttmanuus
412 1268 505 1329 voluit
533 1266 750 1350 ἐπεκτανίδες,
783 1269 861 1349 quod
888 1272 1015 1330 maxime
1044 1287 1210 1348 congruere
1240 1271 1355 1332 videtur

188 1390 256 1431 cum
278 1357 394 1449 Didymi
417 1371 679 1449 interpretatione,
704 1370 872 1431 Loheckius
894 1371 974 1448 path.
999 1371 1086 1432 elem.
1108 1371 1123 1430 1
1146 1390 1175 1451 p.
1192 1368 1255 1432 508
1279 1369 1354 1447 ἐπη-

187 1471 328 1552 τανίάες,
352 1471 430 1532 unde
453 1470 621 1532 Dindoriius
643 1468 861 1548 ἐπητανίδεςςι
882 1475 914 1533 in
931 1472 1111 1534 scholiorum
1134 1479 1247 1534 textum
1270 1489 1354 1534 rece·

188 1577 244 1654 pit.
282 1573 324 1633 De
348 1573 396 1632 his
417 1572 490 1651 quid
520 1580 661 1641 statuam,
690 1573 800 1634 dubius
823 1575 946 1645 haereo,
976 1581 1063 1654 atque
1092 1577 1221 1652 ingenue
1249 1575 1354 1643 fateor,

190 1675 262 1736 mihi
293 1692 350 1734 non
379 1673 475 1733 videri
498 1673 534 1733 ad
562 1675 710 1753 liquidum
732 1676 857 1754 perduci
879 1694 983 1755 posse,
1012 1676 1084 1755 quid
1105 1675 1239 1735 Rhianus
1261 1677 1355 1754 scrip·

188 1778 263 1838 serit
295 1774 463 1854 quibusque
498 1777 596 1836 causis
636 1776 782 1838 adductus
817 1781 865 1838 sit.
917 1779 1055 1839 Veterum
1094 1778 1355 1854 grammaticorum

189 1878 393 1939 adnotationes
416 1878 551 1956 copiosas
567 1880 732 1957 composuit
747 1878 918 1939 Dindorhus
939 1881 972 1939 in
1002 1878 1182 1939 scholiorum
1213 1877 1354 1946 editione,

188 1987 346 2060 praeterea
374 1977 440 2038 vide
475 1977 659 2038 Nitzschium
690 1977 726 2038 ad
759 1978 789 2039 h.
819 1979 838 2040 l.
862 1981 890 2040 ll
921 2000 949 2060 p.
973 1976 1024 2041 38.
1053 1977 1109 2050 39,
1143 1979 1355 2042 Doederlinum

188 2083 277 2159 gloss.
301 2079 342 2140 lll
370 2100 399 2160 p.
421 2075 538 2140 28411.
560 2075 660 2150 2397,
690 2080 724 2140 G.
754 2081 889 2142 Curtium
929 2089 1016 2162 etym.
1044 2099 1089 2160 gr.
1112 2102 1141 2161 p.
1164 2078 1242 2150 277,
1266 2081 1355 2142 Gras-

189 2183 301 2243 hotinm
324 2181 352 2242 d.
376 2181 453 2242 hom.
478 2179 574 2240 Schill
593 2199 622 2260 p.
648 2178 698 2242 10.

275 2302 291 2346 ε
313 2279 386 2344 315.
432 2281 622 2360 Tempestate
646 2301 732 2344 saeva
761 2291 862 2344 coorta
885 2283 982 2345 Vlixes
1009 2283 1150 2346 fluctibus
1180 2287 1305 2346 iactatus
1327 2281 1405 2348 ocal

189 2385 316 2447 obrutus
339 2404 354 2445 e
377 2391 440 2444 rate
464 2384 558 2444 fracta
581 2385 705 2444 eicitur:

319 2483 364 2548 ὣς
386 2482 449 2562 ἄρα
470 2503 522 2562 μιν
545 2482 670 2548 εἰπόντ’
693 2483 805 2550 έλαςεν
828 2485 1013 2566 petroniano
1035 2487 1108 2551 κατ’
1130 2485 1245 2568 ἄκρης,

318 2585 428 2651 δεινὸν
452 2584 682 2665 ἐπεςςύμενον,
704 2585 777 2664 περὶ
799 2587 835 2650 δὲ
857 2588 983 2666 ςχεδίην
1006 2587 1154 2654 ἐλέλιξεν.

233 2685 296 2750 315
317 2690 394 2765 τῆλε
416 2687 450 2750 δ’
472 2684 538 2750 άπὸ
561 2685 684 2764 ςχεοίης
706 2685 827 2751 αὐτὸς
847 2687 954 2752 πέςε·
983 2687 1141 2768 πηδάλιον
1164 2691 1200 2752 δὲ

319 2789 354 2853 ἐκ
376 2792 492 2868 χειρῶν
515 2787 669 2865 προέηκε·
692 2787 787 2866 μέςον
810 2789 845 2853 δέ
868 2788 899 2854 οἱ
920 2788 1007 2856 λςτόν
1030 2789 1122 2857 ἔαξεν

317 2891 405 2967 δεινὴ
428 2888 628 2968 μιςγομένων
651 2888 779 2969 ἀνέμων
803 2890 940 2956 ἐλθοῦςα
962 2891 1089 2956 θύελλα.

191 2995 289 3058 Schol.
311 2991 432 3055 αὐτὸς
459 2991 566 3055 πέςε·
592 2991 721 3055 Ῥιανὸς
748 2990 871 3058 αὐτὸν
902 2992 1009 3072 βάλε.
1031 2994 1069 3058 τὸ
1091 2996 1173 3071 κῦμα
1195 2992 1357 3071 δηλονότι.

191 3097 211 3161 ὃ
234 3095 285 3159 καὶ
306 3091 490 3173 άμεινονᾞ)
514 3090 734 3173 άντιςτρόφως
756 3094 792 3158 δὲ
813 3093 1020 3173 ἡρμήνενςεν.
1049 3094 1089 3158 οὐ
1111 3095 1173 3173 γὰρ
1194 3095 1358 3174 πρότερον

192 3283 395 3294 -----

260 3398 304 3459 47)
321 3397 398 3452 Haec
425 3395 522 3450 scholii
539 3395 626 3450 verba
652 3395 681 3449 in
704 3395 798 3450 codice
821 3396 1034 3464 Mediolanensi,
1057 3398 1089 3452 ut
1105 3397 1291 3452 Buttmannus
1308 3398 1357 3452 ad-

193 3483 311 3549 notavit,
329 3499 346 3535 a
364 3499 389 3535 v.
407 3486 457 3535 315
475 3480 511 3534 ad
529 3499 554 3537 v.
572 3487 622 3535 313
645 3481 854 3538 aberraverunt.
870 3483 899 3536 et
925 3481 1030 3536 scholio
1056 3481 1097 3535 ibi
1114 3481 1235 3550 ascripto
1254 3481 1356 3536 adhae-

193 3570 268 3634 rent3
287 3567 435 3636 praeterea
451 3567 516 3635 post
533 3567 623 3620 αὐτόν
658 3565 793 3620 insertum
811 3567 853 3620 eet
874 3568 904 3620 δέ
927 3568 958 3620 et
978 3582 1043 3619 mox
1064 3566 1152 3620 verba
1174 3569 1221 3620 καλ
1243 3567 1358 3633 ἄμεινον

193 3653 298 3707 omissa
315 3651 390 3716 eunt,
409 3652 442 3702 ut
457 3648 544 3703 totius
562 3647 668 3714 scholii,
688 3648 763 3716 quod
781 3649 817 3702 ed
834 3668 860 3704 v.
872 3656 922 3704 313
941 3651 980 3704 ὣς
999 3651 1052 3718 άρα
1070 3668 1116 3717 μιν
1135 3649 1248 3704 εἰπόντ’
1260 3653 1359 3706 ἔλαςεν

194 3740 264 3806 μέγα
283 3741 357 3802 κῦμα
375 3737 441 3788 κατ’
453 3735 540 3801 άκρης
559 3732 718 3802 appositum
743 3735 798 3800 est,
819 3734 907 3789 verba
928 3733 1001 3788 hunc
1023 3733 1052 3788 in
1074 3735 1187 3808 modum
1209 3751 1358 3804 perperam

194 3820 352 3878 continuari
369 3817 496 3888 putanda
513 3816 580 3871 sint:
601 3819 683 3884 μέγα
702 3822 740 3870 nt}
747 3836 789 3885 μα
807 3820 885 3873 κατ’
902 3820 1024 3887 άκρης·
1050 3821 1089 3873 ὡς
1107 3820 1200 3887 φαμὲν
1219 3821 1359 3888 κατάκρας

193 3909 278 3962 πόλιν
297 3908 379 3959 ἑλεῖν.
404 3905 511 3957 Ῥιανὸς
529 3905 619 3957 αὐτὸν
641 3905 672 3957 δὲ
694 3905 773 3970 βάλε,
797 3907 831 3958 τὸ
854 3909 928 3971 κῦμα
950 3906 1090 3972 δηλονότι.
1125 3903 1207 3958 Graius
1224 3903 1266 3958 rei
1283 3921 1359 3958 men-

192 3993 299 4046 tionem
324 3987 431 4042 nullam
456 3986 594 4053 fecissem,
624 3987 679 4040 nisi
706 3987 850 4042 Polakio
881 3990 1006 4043 observo.
1036 3989 1073 4042 ad
1099 3986 1204 4042 scholio
1228 3987 1259 4040 in
1275 3988 1357 4042 Hom.

194 4076 290 4144 Odyse.
317 4070 415 4142 (Lugd.
439 4070 501 4124 Bat.
526 4075 601 4138 1869)
627 4089 655 4140 p.
679 4077 711 4125 41
730 4070 851 4125 lubitum
874 4074 948 4126 esset
964 4073 1028 4128 inde
1047 4071 1194 4142 suspicari,
1220 4071 1360 4126 Rhianum

192 4159 279 4228 frdsse
294 4159 367 4213 inter
385 4171 445 4222 eos,
469 4172 538 4222 quos
555 4156 741 4211 Buttmannus
764 4156 917 4211 arbitratur
943 4157 1093 4211 formulam
1115 4158 1181 4211 κατ’
1207 4156 1294 4223 άκρης
1316 4157 1359 4212 ita

195 4243 332 4300 divisisse:
354 4243 425 4296 κατὰ
438 4241 506 4308 κράς
523 4240 569 4295 vel
586 4243 663 4310 κρής.
698 4241 771 4296 Nam
789 4240 837 4309 qui
857 4242 917 4296 fieri
934 4241 1072 4312 potuerit,
1094 4241 1126 4293 ut
1146 4238 1220 4292 istud
1238 4239 1359 4308 suspica-

193 4332 283 4396 retur,
301 4329 331 4382 id
349 4326 483 4380 confiteor
500 4341 545 4379 me
563 4339 619 4379 non
636 4341 717 4394 posse
737 4325 885 4395 expiscari,
904 4343 967 4381 eum
984 4328 1132 4396 praeterea
1149 4323 1220 4376 nihil
1236 4324 1359 4381 invenia-

1172 4412 1207 4462 5*
