3340 5164
819 366 970 464 ...ἐξ

397 563 496 624 schol.
519 567 565 643 τῷ
588 559 649 624 ἔνι·
671 561 714 641 τῇ
738 555 802 638 ένι,
825 554 906 634 πρὸ(
921 555 978 633 τὴν
1002 553 1124 633 αἴγλην.
1161 559 1234 619 ΡΗ.
1259 559 1390 622 bublum
1413 579 1479 622 esse

312 686 372 730 non
393 671 508 747 potest,
533 665 606 741 quin
629 660 786 742 illuderit,
813 658 891 739 quod
921 665 971 719 aut
994 658 1030 720 ad
1053 655 1263 736 Οὔλυμπόνδ’
1294 661 1330 737 (v.
1352 659 1407 740 42)
1429 682 1477 724 re·

312 770 403 849 spicit
430 773 482 828 aut
509 764 608 826 neutri
640 763 760 841 generis
794 767 839 820 est
867 768 897 821 et
925 759 999 820 haec
1033 763 1147 830 omnia,
1182 781 1258 842 quae
1293 766 1325 824 in
1353 764 1478 845 Olympo

311 870 465 951 praeclara
487 873 571 936 sunt,
595 863 816 944 complectitur,
845 861 961 922 llhianc
984 868 1052 941 apto
1074 862 1228 923 intellectu
1257 883 1359 926 carere
1383 868 1477 927 visum

313 974 367 1034 sit:
403 971 522 1051 Olympi
545 968 624 1028 enim
647 967 846 1040 mentionem,
882 981 957 1046 quae
986 970 1127 1044 quattuor
1149 965 1288 1027 versibus
1309 974 1377 1028 ante
1401 969 1478 1028 lacta

313 1079 373 1144 est,
396 1074 487 1133 nimis
509 1076 653 1132 remotam
668 1066 805 1147 putabat,
829 1083 918 1144 quam
941 1083 1015 1145 quae
1039 1065 1172 1144 intellegi
1189 1076 1297 1146 posset.
1318 1068 1478 1130 Praeterea

313 1191 490 1254 superorum
512 1172 635 1233 deorum
664 1169 741 1228 vitae
770 1167 874 1228 beatae
902 1173 932 1226 ct
959 1167 1076 1227 divinae
1108 1164 1255 1230 maiestati
1282 1173 1378 1248 magis
1407 1189 1477 1232 con·

313 1279 416 1337 venire
443 1275 540 1335 rideri
567 1277 699 1353 poterat,
728 1286 796 1330 curn
825 1270 943 1348 inipso
972 1287 1079 1330 sereno
1107 1276 1137 1329 et
1164 1271 1290 1332 candido
1319 1272 1478 1352 splendore

315 1381 405 1440 vitam
430 1377 539 1454 degere
562 1375 743 1434 dicerentur.
774 1372 874 1451 ltaque
897 1371 1073 1432 femininum
1094 1388 1189 1449 genus
1212 1390 1247 1432 eo
1270 1372 1368 1434 minus
1390 1374 1478 1435 dubi·

313 1479 397 1540 tabat
418 1497 474 1558 pro
497 1477 613 1554 vulgata
636 1476 783 1555 scriptura
806 1471 1004 1542 substituere,
1034 1491 1093 1552 quo
1116 1475 1210 1552 magis
1232 1474 1292 1535 sibi
1314 1475 1413 1535 lavere
1436 1476 1479 1535 vi·

225 1647 228 1652 A
315 1579 405 1642 debat
427 1585 541 1640 vetusta
564 1577 710 1638 elementa
732 1572 813 1654 ΤΟΙ,
842 1592 917 1654 quae
946 1576 972 1634 si
1000 1592 1059 1634 non
1082 1575 1154 1635 satis
1175 1577 1332 1656 perspicue
1361 1560 1479 1638 enarata

314 1689 365 1744 aut
386 1682 466 1743 laesa
488 1686 587 1750 erant,
612 1677 749 1738 facillime
771 1695 828 1756 pro
849 1674 905 1739 ΤΕΙ
932 1675 990 1753 legi
1012 1682 1159 1755 poterant.

286 1772 304 1838 7
400 1783 654 1843 Massiliensis
682 1778 820 1839 editionis
847 1779 1053 1838 auctoritatem
1082 1785 1203 1838 secutus
1223 1787 1268 1840 est
1294 1779 1319 1842 Α
1341 1776 1398 1849 97,
1427 1781 1480 1842 ubi

315 1883 449 1947 scholion
478 1891 523 1943 est
549 1883 623 1943 boc:
653 1880 779 1958 λοιμοῖο
810 1877 936 1957 βαρεῖαι
964 1880 1073 1956 χεῖρα(
1099 1876 1222 1958 ἀφέξει·
1255 1879 1479 1947 Δαναοῖειν

314 1982 446 2050 ἀεικέα
468 1982 609 2058 λοιγὸν
632 1979 792 2045 ἀπώεει.
817 1978 920 2042 οὕτω(
948 1978 981 2042 αἱ
1008 1978 1220 2059 Ἀριετάρχου.
1248 1981 1340 2059 καὶὴ
1364 1981 1479 2047 Musci-

315 2085 442 2163 λιιιιτικὴ
466 2083 574 2148 δὲκαὶ
596 2081 615 2160 ἡ
638 2080 766 2146 Ῥιανοῦ
794 2080 852 2145 τὸν
875 2077 974 2145 αὐτὸν
997 2079 1061 2159 ἔχει
1088 2081 1220 2161 τρόπον.
1249 2082 1354 2147 ἔοικεν
1377 2081 1479 2160 οὖνὴ
1581 2071 1585 2074 ’

314 2187 408 2267 ἑτέρα
421 2185 610 2265 Ζηνοδότοιι
627 2181 725 2259 εἶναι,
747 2182 767 2261 ἡ
784 2180 876 2246 «οὐδ’
898 2180 972 2258 ὅγε
991 2181 1066 2261 πρὶν
1084 2184 1212 2262 λοιμοῖο
1229 2183 1357 2264 βαρεῖα(
1371 2187 1480 2263 χεῖραε

314 2288 450 2367 ἀφέξει».
474 2291 506 2348 λ.
537 2287 599 2349 Ηοο
621 2285 686 2347 Ιοοο
710 2286 832 2348 Calchas
859 2292 941 2346 vates
962 2285 1075 2346 Achille
1097 2294 1219 2347 auctore
1242 2288 1382 2368 Apollinis
1404 2291 1480 2348 iram

314 2400 425 2453 motam
447 2408 514 2452 esse
535 2390 608 2452 dicit
630 2389 859 2468 Agamemnonis
881 2387 1059 2468 pertinacia,
1083 2406 1141 2468 qua
1164 2388 1294 2469 Chrysae
1317 2389 1480 2450 sacerdotis

316 2492 406 2554 filiam
430 2491 553 2553 liberari
575 2491 683 2560 nollet;
705 2489 812 2552 deinde
835 2489 948 2569 pergit:

440 2590 572 2657 τοῦνεκ’
595 2589 651 2670 ἄρ’
672 2588 766 2666 ἄλγε’
788 2588 909 2654 ἔδωκεν
932 2586 1086 2669 ἑκηβόλα(
1107 2588 1163 2668 ἠδ’
1186 2589 1232 2656 ἔτι
1255 2591 1361 2656 δώεει·

358 2693 397 2758 97
442 2692 520 2757 οὐδ’
542 2689 561 2756 ὅ
583 2712 620 2769 γε
642 2692 717 2771 πρὶν
740 2692 866 2769 λοιμοῖο
890 2687 1016 2770 βαρεῖαι
1039 2694 1147 2770 χεῖρα(
1169 2691 1294 2773 ἀφέξει,

442 2795 518 2875 πρίν
538 2795 573 2872 γ’
595 2794 661 2858 ἀπὸ
685 2793 780 2871 πατρὶ
801 2792 888 2874 φίλῳ
911 2792 1044 2872 δόμεναι
1067 2792 1238 2862 ἑλικώπιδα
1260 2795 1380 2875 κούρην
1396 2803 1451 2860 cet.

315 2899 365 2960 Sic
392 2899 544 2978 plurimis,
574 2897 682 2977 quibus
711 2895 780 2955 olim
809 2893 981 2966 utebamur,
1017 2896 1195 2958 editionibus
1222 2899 1369 2976 vulgatum
1400 2905 1480 2968 erat;

317 3000 383 3060 aliis
406 2998 573 3060 editoribus
596 2997 762 3059 Marklandi
791 2997 867 3058 ratio
899 2998 992 3076 magis
1019 2998 1144 3076 placuit,
1174 3000 1225 3079 qui
1246 3000 1369 3080 insuper
1392 3001 1481 3060 etiam

317 3099 491 3163 coniciendo
509 3099 611 3178 Κῆρα(
634 3118 689 3181 pro
712 3100 823 3177 χεῖρα(
845 3101 989 3160 maiorem
1011 3102 1137 3176 gratiam
1158 3101 1280 3162 lectioni
1296 3103 1481 3164 Zenodoteae

316 3202 477 3264 conciliare
516 3203 680 3264 studuerat.
738 3201 907 3262 Zenodotus
947 3207 1062 3272 autem,
1099 3209 1133 3262 nt
1171 3203 1338 3264 liuentzero
1370 3204 1479 3265 Zenod.

316 3325 346 3385 p.
371 3300 431 3365 143
462 3304 594 3374 videtur,
623 3311 653 3364 et
681 3306 713 3365 in
736 3303 954 3381 significatione
981 3301 1068 3363 verbi
1090 3300 1249 3380 ἀπωθεῖν,
1277 3323 1353 3386 quae
1384 3313 1480 3366 tamen

317 3407 388 3468 satis
402 3407 535 3466 munitur
550 3407 685 3467 versibus
701 3404 727 3468 Θ
744 3402 785 3467 96
800 3402 971 3482 ἀπώεομεν
988 3402 1101 3483 ἄγριον
1118 3403 1220 3484 ἄνδρα
1235 3405 1301 3469 etO
1316 3403 1379 3470 503
1394 3405 1482 3469 ἀπώ-

317 3510 425 3571 ccedet
458 3505 539 3571 κακὰ
565 3509 672 3586 νηῶν,
708 3515 739 3568 et
766 3509 797 3568 in
820 3503 1026 3588 κακοφωνίᾳ,
1059 3524 1135 3584 quae
1169 3508 1302 3569 versibus
1324 3505 1365 3570 96
1387 3517 1418 3568 ct
1439 3505 1485 3582 97,

316 3609 455 3669 similiter
479 3606 581 3687 (δώεει
595 3643 639 3656 -
653 3608 783 3690 ἀπώεει)
814 3607 994 3670 exeuntibus
1021 3609 1204 3680 efficeretur,
1234 3609 1331 3671 haesit
1352 3610 1481 3690 ideoque

316 3711 395 3770 hunc
424 3728 542 3770 versum
570 3713 718 3791 peculiari
746 3699 853 3772 conatu
881 3710 958 3771 male
987 3712 1155 3773 emendavit
1185 3730 1220 3772 ex
1249 3707 1361 3774 o548
1384 3708 1480 3774 θανά-

316 3827 387 3874 τοιο
416 3807 542 3888 βαρείαε
568 3814 677 3889 χεῖρα(
704 3811 855 3886 ἀλάλκοι,
882 3812 962 3872 unde
991 3812 1116 3873 verbum
1144 3811 1295 3877 hlutrein
1324 3813 1480 3874 desumere

318 3931 377 3973 non
400 3919 533 3992 poterat,
563 3915 712 3994 quiahoc
739 3914 806 3975 loco
833 3914 935 3974 futuro
963 3921 1098 3995 tempore
1125 3932 1201 3996 opus
1230 3924 1304 3976 erat.
1348 3914 1481 3974 Rhianus

317 4020 416 4076 autem
439 4013 581 4076 Zenodoti
604 4017 778 4078 auctoritate
806 4034 866 4077 non
894 4017 1057 4096 impeditus
1079 4024 1139 4087 est,
1169 4019 1241 4098 quin
1269 4018 1428 4094 genuinam
1452 4023 1482 4076 et

315 4122 461 4177 vetustam
484 4115 679 4179 Massiliensis
702 4117 844 4178 editionis
859 4116 1018 4179 lectionem
1033 4121 1064 4178 in
1080 4136 1165 4178 suum
1182 4118 1279 4179 locum
1294 4120 1479 4187 restitueret,

317 4235 392 4298 quae
415 4237 515 4299 neque
532 4237 586 4299 per
607 4237 638 4279 se
660 4220 817 4299 quiequam
839 4218 1003 4297 habetque
1020 4222 1085 4280 iure
1101 4219 1269 4290 offendaris,
1294 4227 1323 4280 ct
1338 4238 1425 4282 versu
1442 4220 1481 4279 si·

316 4319 439 4380 millirno
461 4319 486 4382 Α
506 4315 569 4383 456
591 4317 651 4400 ἤδη
674 4321 734 4385 νιῖν
759 4318 939 4386 Δαναοῖειν
970 4317 1077 4388 ἀεικέα
1104 4321 1218 4397 λοιγὸν
1247 4318 1372 4400 ἄμυνον
1402 4321 1480 4384 haud
