3340 5164
700 374 852 472 ,13-

193 566 229 626 ad
253 567 368 642 epicam
384 568 415 625 in
430 564 521 625 rebus
537 563 743 624 describendis
759 566 1018 642 perspicuitatem,
1043 571 1215 625 tamennon
1232 565 1356 637 videam,

194 685 249 728 cur
271 665 388 745 vulgata
411 664 500 726 lectio
523 665 597 725 ferri
612 672 748 744 nequeat.

278 768 331 830 llis
353 770 445 846 igitur
472 769 503 827 in
532 765 669 827 versibus
691 766 823 828 Rhianus
850 769 1080 845 Aristophanem
1114 766 1218 828 habuit
1246 771 1357 847 astipu-

192 873 328 932 latorem.
359 869 444 930 Nunc
459 869 674 946 perlustremns
697 868 788 929 multo
804 870 948 929 maiorem
964 887 1120 930 numerum
1145 888 1258 940 eorum,
1283 889 1357 950 quos

192 973 273 1034 solus
295 971 520 1032 commutavisse
544 970 661 1031 videtur
684 977 734 1030 aut
754 969 863 1050 quihus
885 978 967 1031 certe
989 972 1085 1032 solum
1108 963 1173 1032 eius
1195 990 1303 1032 nomen
1325 975 1355 1033 in

192 1075 315 1137 scholiis
337 1075 500 1151 ascriptum
523 1077 576 1135 est.

276 1175 309 1239 Π
330 1171 403 1238 559.
450 1173 620 1252 Sarpedone
654 1176 752 1234 occiso
780 1174 932 1236 Patroclus
960 1175 1065 1236 Aiaces
1100 1175 1287 1246 adhortatur,
1325 1169 1406 1235 ulli

192 1279 338 1338 Troianos
361 1277 436 1337 socii
459 1293 566 1352 corpus
595 1272 789 1335 defendentes
816 1274 1000 1352 propulsent.
1045 1275 1124 1336 lacet
1146 1277 1282 1356 quidem,
1312 1279 1357 1337 in·

191 1383 271 1460 quit,
296 1377 465 1459 Sarpedon,
489 1395 555 1438 mea
579 1393 668 1436 manu
689 1381 874 1456 prostratus,
897 1377 949 1437 sed
973 1379 1085 1438 utinam
1108 1396 1188 1438 arma
1211 1380 1239 1438 ei
1261 1380 1357 1457 possi-

192 1499 260 1542 mus
281 1479 410 1541 aulerre.
1061 1544 1065 1552 Ι

521 1577 597 1642 ἀλλ’
619 1575 648 1642 εί
669 1598 721 1658 μιν
745 1563 964 1659 ἀεικιεεαίμεθ’
986 1576 1115 1644 ἑλόντεε

269 1685 271 1688 ’
318 1679 433 1760 τεύχεά
455 1679 489 1744 τ’
511 1679 624 1760 ὤμοιιν
648 1679 846 1760 ἀφελοίμεθα
861 1681 912 1746 καί
933 1679 998 1745 τινί
1019 1679 1155 1759 ἑταίρων

318 1781 419 1847 αὐτοῦ
435 1781 648 1863 ἀμυνομένων
671 1781 885 1862 οαμαεαίμεθα
906 1781 997 1861 νηλέϊ
1016 1784 1133 1864 χαλκῷ.

190 1889 247 1949 Ηίο
269 1886 348 1967 quod
372 1886 495 1965 optandi
517 1887 614 1946 lorma
637 1886 680 1946 sic
703 1891 845 1962 usurpata
868 1890 924 1956 est,
955 1893 987 1946 ut
1008 1885 1223 1947 adhortationis
1244 1887 1304 1946 vim
1328 1894 1357 1946 et

191 1989 440 2068 significationem
463 1985 602 2064 accipiat,
626 2003 684 2046 non
708 1986 792 2046 deest
807 1986 1011 2065 exemplorum
1027 1989 1205 2050 auotoritas:
1229 2005 1296 2048 nam
1319 1989 1355 2048 ad

190 2091 315 2152 eandem
338 2090 485 2148 rationem
507 2086 673 2147 revocanda
696 2094 764 2147 sunt
785 2086 873 2148 verha
896 2087 1021 2148 Menelai
1045 2086 1147 2150 0571
1170 2067 1356 2165 Ἀντίλοχον

191 2189 226 2255 δ’
248 2188 402 2267 ὤτρυνε
426 2188 506 2266 βοὴν
527 2185 649 2262 ἀγαθόε
673 2186 855 2252 Μενέλαος·
878 2186 1038 2266 Ἀντίλοχ’
1060 2235 1118 2251 ...
1141 2186 1176 2253 εί
1197 2188 1268 2253 τινά
1290 2209 1356 2253 που
1430 2179 1434 2184 ’

190 2292 313 2371 Τρώων
337 2289 508 2370 ἑξάλμενοε
530 2286 632 2367 ἄνδρα
656 2288 861 2371 βάλοιεθα,
884 2299 913 2352 et
937 2290 959 2353 Κ
979 2290 1034 2352 111
1061 2291 1167 2354 Nestor
1183 2294 1302 2353 Aiacem
1326 2302 1356 2352 et

189 2395 382 2456 idomeneum
406 2395 517 2454 arcessi
540 2391 638 2452 iubet:
669 2390 755 2455 ἀλλ’
783 2389 962 2457 cirtensi
989 2391 1102 2457 τούεδε
1130 2391 1356 2471 μετοιχόμενοε

189 2494 410 2573 καλέεειεν,
434 2511 530 2573 neque
553 2491 638 2554 aliter
660 2492 773 2570 Iupiter
796 2494 869 2554 dicit
891 2491 981 2576 uit
1008 2491 1097 2557 ἀλλ’
1119 2491 1154 2558 εἴ
1174 2512 1221 2556 τιε
1242 2492 1355 2557 καλέ-

189 2615 269 2660 εειε
291 2598 375 2658 θεῶν
399 2593 493 2659 Θέτιν
516 2590 612 2658 decor
635 2592 735 2671 ἐμεῖο.
779 2594 896 2674 Optime
920 2597 1012 2674 igitur
1034 2595 1124 2657 verba
1148 2615 1179 2657 se
1195 2594 1305 2657 habent
1327 2602 1357 2656 et

189 2701 237 2759 vix
259 2701 418 2778 quicquam
442 2699 576 2774 reperias
599 2695 677 2776 quod
702 2697 862 2773 vituperes
909 2697 1110 2757 Nihilominus
1138 2704 1237 2757 tamen
1265 2695 1354 2756 Rhia-

188 2819 246 2863 nus
267 2796 309 2862 εὗ
331 2817 387 2877 pro
410 2794 436 2860 εί
464 2799 601 2875 scripsit:
636 2816 662 2857 v.
693 2797 782 2857 schol.
813 2794 900 2859 ἀλλ’
932 2795 967 2860 εί
993 2813 1071 2877 μιν·
1104 2795 1139 2862 ἐν
1166 2801 1204 2878 τῇ
1226 2794 1354 2860 Ῥιανοῦ

188 2899 276 2965 ἀλλ’
298 2897 339 2963 εὖ
362 2917 434 2978 μιν.
456 2898 490 2963 Α.
535 2897 608 2959 Cum
631 2900 662 2958 in
685 2899 795 2958 ceteris
818 2898 917 2958 verbis
934 2899 1066 2960 Rhianus
1088 2896 1164 2961 nihil
1186 2901 1353 2969 mutaverit,

189 3003 307 3063 videtur
328 3001 376 3061 his
399 2999 536 3061 versibus
558 3006 670 3060 remota
698 2996 726 3062 εἰ
747 3000 891 3078 particula
914 3000 993 3060 nudo
1017 3003 1146 3078 optativo
1170 3000 1250 3061 idem
1272 3007 1354 3079 opta·

190 3115 251 3165 tum
273 3103 464 3182 pronuntiari
486 3099 633 3171 voluisse,
663 3099 742 3180 quod
770 3118 858 3178 supra
887 3100 1099 3172 indicavimus;
1127 3102 1158 3161 id
1187 3102 1266 3181 quod
1293 3121 1353 3163 non

188 3214 301 3285 pugnat
323 3224 390 3266 cum
413 3223 469 3264 usu
492 3202 668 3262 Homerico:
691 3204 747 3262 cir.
770 3203 791 3264 h
812 3199 889 3273 735,
912 3201 965 3264 ubi
987 3202 1135 3280 Penelope
1160 3210 1241 3281 optat
1263 3203 1351 3264 haec:

189 3305 272 3371 ἀλλά
293 3325 338 3370 τιε
361 3303 504 3383 ὀτρηρῶε
525 3302 651 3367 Δολίον
681 3302 855 3367 καλέεειε
883 3302 1036 3381 γέροντα.
1064 3301 1101 3367 εὖ
1129 3311 1227 3366 autem
1250 3304 1352 3368 adver·

189 3409 271 3471 bium
294 3415 345 3470 aut
369 3410 412 3468 sic
434 3406 596 3474 intellexit,
621 3410 653 3466 ut
675 3406 877 3466 in'locutione
907 3403 943 3469 εὖ
972 3403 1051 3469 κατὰ
1073 3403 1192 3484 κόεμον
1219 3408 1351 3484 ponitur,

189 3520 218 3573 et
240 3516 273 3571 ut
294 3508 319 3571 Α
342 3504 404 3570 368
432 3508 544 3568 dictum
573 3513 632 3568 est:
670 3504 721 3569 καὶ
747 3505 787 3570 τὰ
808 3506 867 3585 μὲν
895 3505 931 3570 εὖ
960 3505 1222 3586 δὰεεαντομετὰ
1249 3506 1351 3585 εφίειν

188 3609 254 3675 υἷεε
274 3609 410 3688 Ἀχαιῶν
433 3609 461 3669 ίι.
480 3627 506 3669 e.
529 3615 562 3668 ut
584 3626 637 3685 par
660 3617 689 3668 et
709 3627 835 3688 aequum
859 3617 918 3679 est,
942 3617 1006 3680 aut,
1030 3629 1089 3690 quo
1111 3610 1207 3686 magis
1229 3609 1349 3680 inclino,

187 3722 219 3774 ut
241 3731 261 3790 χ
284 3708 359 3782 190,
389 3711 442 3772 ubi
464 3709 643 3771 Melanthius
666 3710 792 3772 vinculis
815 3711 985 3788 colligatur,
1015 3709 1071 3774 εὺν
1101 3709 1136 3773 δὲ
1164 3707 1267 3773 πόδα(
1288 3712 1351 3788 χεί-

187 3813 245 3893 ράε
267 3831 301 3876 τε
323 3811 401 3876 δέον
424 3809 579 3890 θυμαλγέϊ
600 3813 719 3894 δεεμῷ,
751 3809 792 3874 εὖ
815 3810 893 3891 μάλ’
915 3809 1159 3890 ἀποετρέψαντε
1181 3811 1351 3891 διαμπερέε

187 3924 218 3977 et
238 3919 257 3978 θ
279 3911 319 3976 37
343 3911 513 3991 δηεάμενοι
534 3911 570 3975 δ’
591 3911 632 3974 ἐθ
655 3911 774 3977 πάντεε
796 3911 847 3977 ἐπὶ
869 3915 989 3990 κληῖειν
1012 3913 1126 3993 ἐρετμὰ
1147 3911 1266 3991 ἔκβητε.
1289 3914 1349 3974 lam
1435 3969 1437 3972 ,

188 4020 213 4079 si
236 4034 376 4097 quaeras,
401 4034 456 4076 cur
477 4016 611 4076 Rhianus
633 4015 778 4093 vulgatam
801 4015 960 4076 lectionem
990 4018 1161 4084 mutaverit,
1191 4015 1351 4076 offendisse
1405 4073 1407 4078 .

186 4126 258 4198 puto
281 4135 349 4178 eum
371 4119 404 4177 in
426 4113 453 4178 εί
475 4117 619 4196 particula
643 4116 678 4176 ad
702 4118 885 4194 optationem
908 4118 1131 4195 significandam
1152 4119 1261 4195 posita;
1289 4116 1348 4176 llo·

187 4237 287 4281 ruerus
310 4221 390 4278 enim
413 4226 464 4278 aut
486 4218 597 4279 nudum
620 4220 783 4297 optativum
812 4226 862 4279 aut
889 4216 954 4282 εἴθε
983 4221 1044 4280 sive
1073 4215 1141 4281 αἴθε
1164 4223 1214 4277 aut
1240 4214 1267 4280 εί
1288 4215 1349 4294 γάρ

186 4324 248 4383 sive
271 4317 304 4383 αί
325 4317 387 4398 γάρ
411 4329 440 4381 et
463 4321 519 4381 alia
534 4338 646 4399 ponere
668 4320 757 4390 solet,
782 4319 833 4380 sed
856 4320 948 4383 solius
971 4319 997 4384 εἰ
1019 4319 1182 4400 particulae
1206 4325 1250 4379 sat
1265 4338 1350 4380 rarus
