3340 5164
697 365 847 464 Q

190 561 339 622 Rhianum
361 559 560 620 revocandum
588 566 635 619 est
657 555 774 639 χόλον,
802 557 881 637 quod
910 563 1010 634 postea
1035 555 1199 615 Aristarchi
1228 572 1356 615 assensu

191 660 417 740 comprobatum
441 667 470 721 et
491 662 642 744 plerisque
666 659 849 721 editionibus
864 666 1059 736 propagatum
1076 662 1137 724 est;
1160 656 1239 737 quod
1262 674 1354 737 quan·

189 772 293 842 topere
326 770 459 842 praestet
491 764 611 824 lectioni
639 761 843 824 llerodianeae
870 763 918 821 vix
952 779 1027 839 opus
1059 767 1105 820 est
1133 760 1354 821 demonstrare:

189 867 307 948 qualem
335 868 414 926 enim
445 865 607 926 barbarum
643 872 672 925 et
700 864 822 926 humani
855 881 961 924 sensus
995 867 1145 940 expertem
1174 863 1355 939 tingeremus

189 968 351 1038 Achillem,
380 968 405 1029 si
433 969 568 1028 timuisse
598 984 667 1027 eum
691 968 897 1044 opinaremur,
927 981 964 1024 ne
986 964 1099 1024 Priami
1121 963 1215 1024 flebili
1242 963 1354 1024 lamen·

191 1072 303 1132 tatione
327 1067 427 1150 (γόον)
461 1069 497 1130 ad
520 1071 595 1132 iram
619 1075 649 1129 et
671 1069 791 1130 caedem
815 1070 895 1128 senis
925 1066 1119 1127 intelicissimi
1144 1064 1354 1144 abriperetur?

190 1173 314 1233 Praeter
332 1172 405 1232 haec
420 1189 496 1251 quae
517 1170 605 1232 modo
625 1172 748 1249 exposui
772 1169 842 1230 licet
862 1171 951 1228 etiam
968 1169 1117 1237 conicere,
1133 1184 1188 1246 pro
1202 1164 1302 1230 κόλον
1325 1166 1354 1226 in

190 1274 256 1335 cod.
280 1274 303 1330 V
323 1271 421 1344 κότον
444 1273 603 1351 legendum
626 1290 706 1342 esse,
729 1278 762 1332 ut
777 1271 909 1332 Rhianus
930 1271 1023 1330 luerit
1045 1270 1076 1329 in
1097 1286 1201 1329 eorum
1217 1285 1353 1336 numero,
1449 1311 1450 1315 ,

190 1394 265 1456 quos
289 1373 479 1438 Aristarchus
500 1377 543 1435 sic
565 1375 720 1452 scripsisse
750 1372 888 1434 tradidit:
918 1368 954 1434 έν
982 1389 1040 1434 τιςι
1068 1367 1182 1451 κότον,
1210 1369 1262 1430 sed
1291 1379 1353 1434 turn

189 1497 250 1538 non
273 1477 432 1546 habemus,
463 1477 540 1538 unde
569 1474 673 1539 κόπον
702 1477 892 1555 depravatum
916 1492 981 1534 esse
1004 1473 1151 1542 dicamus;
1182 1475 1280 1552 itaque
1304 1471 1354 1533 illa

190 1578 264 1639 mihi
288 1581 431 1639 maiorem
456 1581 519 1638 veri
542 1580 672 1657 speciem
696 1595 767 1657 prae
790 1594 821 1636 se
845 1575 923 1637 terre
947 1575 1094 1636 videntur.

275 1699 296 1742 α
318 1676 367 1740 95.
414 1679 446 1739 ln
475 1680 597 1740 deorum
627 1679 753 1740 concilio
782 1678 914 1739 Minerva
943 1677 1062 1746 suadet,
1098 1684 1131 1738 ut
1159 1667 1403 1737 Telemachus2l

190 1782 294 1862 Pylum
317 1789 346 1842 et
369 1781 504 1862 Spartam
527 1783 662 1842 mittatur
684 1782 890 1841 sciscitaturus
912 1779 948 1840 de
971 1781 1065 1857 patris
1088 1778 1202 1840 reditu:

318 1881 435 1959 πέμψω
459 1879 493 1944 δ’
514 1880 548 1944 ές
570 1879 716 1958 (πάρτην
738 1898 772 1943 τε
795 1880 847 1943 καὶ
868 1878 902 1944 ἐς
922 1877 1035 1944 Πύλον
1057 1876 1254 1958 ἠμαθόεντα,

317 1981 433 2047 νόςτον
455 1981 655 2061 πευςόμενον
678 1981 800 2059 πατρὸς
821 1979 931 2061 φίλου,
953 1979 992 2058 ἢν
1015 2000 1080 2044 που
1102 1979 1222 2062 ἀκούςῃ

317 2082 373 2161 ἠδ’
392 2081 448 2147 ἵνα
469 2102 521 2162 μιν
544 2082 637 2147 κλέος
659 2081 773 2147 έςθλὸν
796 2081 831 2146 ἐν
854 2079 1068 2159 ἀνθρώποιςιν
1091 2081 1233 2166 ἔχῃςιν.

191 2187 291 2248 Schol.
314 2184 463 2268 έχῃςιν·
486 2184 521 2250 ἐν
543 2189 581 2268 τῇ
604 2184 684 2249 κατὰ
705 2183 834 2248 Ῥιανὸν
849 2181 1008 2262 γράφεται
1031 2181 1177 2266 tanqu.
1202 2182 1238 2244 Η.
1260 2182 1355 2245 Huius

191 2289 409 2350 emendationis
430 2290 577 2349 rationem
599 2287 726 2348 reddere
754 2286 931 2366 perdifficile
960 2292 1020 2355 est,
1049 2303 1116 2346 cum
1145 2285 1216 2366 quid
1239 2286 1355 2346 Rhiano

190 2393 222 2451 in
247 2390 338 2451 verbo
365 2387 471 2472 έχῃςιν
500 2390 702 2470 displicuerit,
737 2407 833 2468 neque
866 2407 902 2448 ex
935 2387 1048 2448 scholio
1076 2405 1174 2466 neque
1203 2406 1239 2448 ex
1267 2405 1356 2448 versu

191 2495 257 2571 ipso
280 2499 363 2552 certo
386 2495 527 2569 cognosci
550 2493 654 2571 possit.
699 2489 772 2550 Nam
801 2489 880 2569 quod
902 2490 947 2549 rei
971 2491 1133 2559 inanimae,
1163 2509 1231 2550 cum
1254 2491 1355 2550 existi-

190 2595 281 2654 matio
303 2592 381 2654 bona
405 2591 507 2672 (κλέος
528 2589 653 2672 έςθλόν)
669 2591 880 2653 Telemachum
903 2597 1005 2652 tenere
1026 2591 1157 2660 dicatur,
1180 2591 1264 2671 quasi
1286 2609 1354 2670 per·

191 2714 282 2758 sonae
306 2697 489 2756 conscientia
513 2701 541 2754 et
563 2693 709 2775 quaedam
730 2693 837 2770 agendi
857 2701 990 2772 potestas
1011 2691 1169 2763 tribuitur,
1193 2692 1249 2752 hoc
1272 2692 1355 2753 illum

191 2797 267 2858 male
290 2795 402 2857 habere
430 2815 490 2856 non
513 2797 628 2875 potuit,
663 2813 730 2855 curn
759 2795 829 2873 quia
858 2793 924 2854 aliis
947 2795 978 2854 in
1006 2774 1156 2864 versibus,
1191 2801 1224 2854 ut
1247 2791 1269 2854 Ρ
1294 2789 1354 2854 143

189 2896 209 2975 ἦ
233 2896 263 2962 ς’
284 2895 391 2961 αὔτως
412 2896 505 2960 κλέος
528 2895 641 2960 έςθλὸν
663 2892 743 2974 ἔχει,
766 2893 901 2974 φύξηλιν
917 2893 1028 2977 ἐόντα,
1051 2895 1154 2956 eadem
1177 2897 1241 2956 lere
1264 2894 1354 2954 verba

190 3000 345 3078 leguntur,
375 3005 438 3058 tum
460 3000 530 3078 quia
558 2997 651 3060 verbo
673 3016 723 3067 eo,
747 2997 826 3076 quod
850 2997 1019 3068 substituit,
1048 2994 1157 3079 λάβῃςι
1185 2997 1240 3058 hac
1268 2998 1298 3057 in
1321 3014 1355 3056 re

190 3101 267 3162 nihil
289 3108 429 3162 mutatur.
474 3099 619 3180 Equidem
643 3099 718 3160 nihil
746 3101 866 3160 invenio
894 3100 989 3169 aliud,
1018 3118 1106 3180 quam
1129 3099 1276 3160 Rhianum
1300 3117 1353 3178 pu·

175 3205 314 3272 'tavisse,
338 3201 515 3262 Telemacho
538 3220 597 3262 non
625 3208 685 3262 tam
715 3202 746 3263 id
769 3203 917 3279 agendum
940 3220 1021 3272 esse,
1050 3209 1083 3262 ut
1109 3200 1219 3262 bonam
1246 3202 1355 3262 lamam

190 3304 328 3375 haberet,
352 3321 441 3384 quam
463 3309 496 3362 ut
518 3303 812 3383 adipisceretur.
849 3303 967 3364 Etenim
990 3323 1056 3364 cum
1081 3323 1116 3364 eo
1138 3303 1257 3384 quidem
1280 3309 1355 3363 tem·
1399 3299 1404 3304 ’

190 3424 264 3486 pore
287 3424 384 3486 neque
406 3423 568 3485 procorum
595 3405 784 3465 insolentiam
812 3424 952 3466 coercere
980 3415 1103 3467 conatus
1132 3422 1228 3484 neque
1257 3411 1290 3464 ut
1318 3404 1354 3464 de

190 3510 284 3590 patris
306 3515 385 3568 sorte
408 3508 483 3567 certi
506 3507 576 3586 quid
598 3508 796 3586 comperiret.
824 3508 855 3567 iu
886 3514 1004 3568 exteras
1027 3517 1121 3567 terras
1148 3507 1356 3586 peregrinatus

191 3617 284 3679 essct,
309 3608 359 3670 sed
384 3611 447 3670 sine
471 3610 590 3668 nomine
613 3615 643 3667 et
665 3609 797 3686 aprocis
819 3607 1179 3692 contemptusobscuram
1195 3608 1355 3685 pueritiam

190 3712 336 3790 degisset,
366 3710 491 3788 gloriam
520 3709 578 3770 sibi
606 3727 666 3770 non
694 3712 751 3771 iam
781 3716 1004 3788 comparaverat
1030 3726 1126 3788 neque
1154 3707 1226 3788 quid
1254 3707 1291 3768 de
1319 3726 1355 3767 eo

190 3809 420 3893 exspectandum
444 3818 523 3872 esset
545 3813 616 3873 sciri
639 3818 766 3891 poterat.
796 3811 855 3872 Sed
878 3811 964 3872 iactis
985 3812 1024 3872 iis
1046 3829 1121 3891 quae
1143 3810 1274 3870 Minerva
1289 3810 1355 3869 fieri

190 3915 296 3986 voluit,
321 3915 346 3974 si
369 3915 469 3974 minus
490 3931 628 3984 necesse,
653 3920 682 3974 at
704 3912 879 3974 verisimile
903 3921 968 3974 erat
990 3913 1123 3974 futurum
1147 3929 1227 3981 esse,
1250 3917 1283 3971 ut
1297 3910 1353 3971 Te-

189 4016 341 4077 lemachus
374 4015 486 4076 strenui
519 4022 549 4075 et
580 4016 667 4076 lortis
696 4012 895 4075 adulescentis
926 4013 1043 4075 laudem
1076 4014 1293 4093 adipisceretur
1326 4019 1356 4072 et

190 4118 269 4179 filius
290 4123 375 4197 patre
399 4116 508 4194 dignus
530 4115 701 4176 haberetur.

274 4236 296 4280 α
319 4213 389 4278 124.
420 4217 567 4287 Minerva,
591 4217 706 4278 blentae
729 4218 824 4278 lorma
846 4216 964 4286 induta,
990 4217 1040 4277 ubi
1063 4217 1183 4278 domum
1205 4215 1299 4276 Vlixis
1321 4207 1403 4275 se22

190 4319 330 4390 contulit,
353 4336 368 4379 a
391 4317 570 4380 Telemacho
593 4317 675 4378 hisce
699 4317 797 4379 verbis
819 4318 977 4379 salutatur:
