3340 5164
893 411 935 478 36

839 503 979 510 ᾖ

900 669 930 732 2.

419 809 620 870 Transeamus
643 810 680 869 ad
702 826 753 869 eas
767 808 926 877 lectiones,
950 825 1022 887 quas
1036 806 1171 867 Rhianus
1186 824 1222 866 ex
1237 805 1390 866 veteribus
1411 806 1500 867 libris

334 913 477 990 suscepit.
522 911 563 971 Ae
585 913 716 990 primum
738 911 859 989 quidem
881 910 978 970 locum
1001 915 1122 970 teneant
1143 927 1211 978 eae,
1234 909 1265 968 in
1289 908 1398 988 quibus
1419 909 1499 970 haud

335 1013 462 1074 obseura
484 1014 738 1074 Pisistrateae
763 1009 906 1072 editionis
927 1012 1051 1088 vestigia
1074 1009 1348 1088 deprehenduntur.

304 1110 327 1172 4
421 1110 532 1179 2295.
577 1115 610 1175 ln
632 1116 822 1185 narratione,
851 1132 908 1194 qua
938 1111 1051 1182 Vlixes,
1080 1119 1113 1171 ut
1134 1111 1295 1172 Eumaeum
1323 1112 1359 1172 de
1383 1114 1499 1190 origine

335 1235 388 1277 sua
411 1217 500 1287 celet,
531 1216 704 1277 Cretensem
728 1236 759 1278 se
788 1234 854 1278 esse
883 1215 1002 1276 simulat
1030 1214 1127 1292 longis
1158 1212 1314 1273 erroribus
1346 1216 1497 1283 iactatum,

335 1318 408 1379 dicit
430 1336 461 1378 se
484 1326 579 1378 toturn
603 1337 712 1380 annum
743 1320 774 1378 in
798 1317 947 1377 Phoenica
977 1323 1120 1378 moratum
1144 1323 1174 1375 et
1195 1321 1298 1394 postea
1322 1314 1358 1375 ab
1380 1317 1498 1395 hospite

333 1419 494 1479 Phoenicio
523 1422 589 1480 navi
615 1423 779 1499 inpositum
802 1438 883 1489 esse,
905 1427 939 1479 ut
960 1419 989 1479 iu
1005 1417 1129 1497 Libyam
1151 1419 1406 1496 proficisceretur:

486 1517 519 1582 ἐς
540 1519 658 1598 Λιβύην
681 1520 716 1597 μ’
739 1519 789 1583 ἐπὶ
811 1520 890 1597 νηὸς
913 1517 1072 1582 ἐέςςατο
1095 1517 1328 1596 ποντοπόροιο.

335 1621 434 1682 Schol.
457 1619 582 1694 Ῥιανός
604 1640 698 1700 φηςιν
721 1620 933 1701 ἑφέςςατο,
955 1618 1142 1698 Ζηνόδοτος
1164 1619 1366 1698 ἐφείςατο.
1391 1621 1425 1680 Η.
1455 1620 1498 1681 De

334 1730 485 1783 structura
508 1724 595 1784 huius
617 1724 676 1782 loci
698 1742 760 1783 non
782 1729 840 1792 est,
864 1723 943 1802 quod
966 1723 1167 1801 disputemus
1199 1740 1266 1782 curn
1289 1722 1326 1782 ab
1349 1725 1498 1801 iuterpre-

334 1824 415 1885 tibus
436 1827 509 1886 satis
532 1824 678 1904 explicata
701 1843 797 1903 neque
821 1843 837 1882 a
860 1824 974 1884 eriano
990 1830 1100 1885 mutata
1124 1826 1177 1893 sit;
1202 1825 1238 1884 de
1261 1824 1376 1902 vulgata
1400 1833 1498 1885 autem

333 1925 462 1986 lectione
491 1926 784 1986 animadvertendum
818 1933 877 1995 est,
913 1925 1037 1986 sormam
1071 1924 1214 1995 ἑέςςατο,
1249 1925 1284 1985 de
1314 1928 1399 1985 cuius
1426 1944 1499 2004 aug·

335 2034 436 2086 mento
451 2027 571 2088 insolito
593 2028 660 2087 vide
675 2027 797 2087 Aureisii
821 2027 964 2105 append,
988 2036 1109 2106 praeter
1123 2028 1202 2087 bunc
1217 2045 1336 2087 versum
1353 2046 1498 2106 nusquam

334 2128 412 2208 apud
428 2127 589 2188 Homerum
613 2130 758 2198 inveniri,
782 2112 916 2207 id⁸quod
937 2130 969 2187 in
992 2146 1080 2188 causa
1102 2130 1195 2189 luisse
1218 2127 1350 2197 videtur,
1374 2147 1428 2188 cur
1443 2128 1498 2188 Ze-

334 2230 461 2291 nodotus
494 2237 524 2289 et
549 2230 684 2292 Rhianus
715 2248 749 2290 ea
784 2229 1016 2290 offenderentur.
1068 2229 1169 2309 Neque
1204 2248 1275 2290 vero
1309 2229 1497 2308 inprobabile

334 2336 392 2398 est,
417 2337 446 2390 et
468 2332 623 2407 utriusque
647 2331 885 2391 emendationem
909 2339 939 2390 et
953 2331 1105 2408 vulgarem
1127 2333 1301 2404 lectionem,
1327 2348 1415 2407 quam
1431 2331 1498 2391 Ari·

334 2431 471 2492 starehus
493 2434 623 2511 recepit,
647 2449 663 2492 a
685 2433 878 2493 Pisistrateae
901 2433 1043 2492 editionis
1066 2434 1214 2511 scriptura
1230 2429 1405 2494 ΕΦΕΕΑΤΟ
1428 2451 1497 2512 pro·

333 2536 427 2594 lectas
450 2550 530 2605 esse,
554 2536 584 2593 in
608 2550 666 2609 qua
689 2534 820 2594 litteram
842 2532 870 2596 Φ
898 2552 1005 2613 parurn
1034 2534 1174 2595 distincte
1204 2537 1347 2614 scriptam
1376 2543 1427 2594 aut
1449 2553 1496 2594 ve·

332 2641 443 2696 testate
473 2634 673 2696 oblitteratam
701 2634 743 2695 illi
772 2643 854 2695 recte
882 2638 1074 2715 interpretati
1097 2642 1180 2708 sunt,
1216 2637 1311 2696 ceteri
1339 2653 1497 2715 perperam

332 2754 387 2816 pro
410 2736 560 2813 digammo
583 2736 763 2797 habuerunt.
807 2737 918 2797 Rhiani
940 2744 1037 2798 autern
1060 2737 1219 2797 lectionem
1244 2745 1273 2797 et
1294 2737 1410 2815 vulgata
1432 2735 1496 2798 ἐὲς-

334 2855 409 2900 ςατο
433 2845 463 2898 et
486 2838 652 2899 Zenodotea
676 2841 822 2918 potiorem
845 2857 911 2900 esse
935 2838 1087 2909 concedit,
1118 2841 1239 2918 opinor,
1269 2840 1404 2918 quisquis
1426 2857 1496 2899 eon·

333 2940 510 3000 sideraverit
532 2958 637 3001 versus
660 2937 747 3002 1455
769 2939 892 3018 μήποτε
912 2939 1063 3015 γούναςιν
1087 2937 1169 3004 οἶςιν
1192 2938 1375 3018 ἐφέςςεςθαι
1397 2937 1496 3018 φίλον

333 3036 418 3118 υἱόν,
441 3059 465 3101 π
479 3036 542 3101 443
565 3037 668 3117 ἐπεὶῆ
691 3040 742 3103 καὶ
770 3039 823 3119 ἐμὲ
838 3041 1057 3119 πτολίπορθος
1079 3039 1247 3104 Ὀδνςςεὺς
1269 3041 1406 3105 πολλάκι
1421 3041 1495 3117 γού-

333 3158 422 3204 ναςιν
445 3137 526 3203 οἷςιν
555 3140 769 3220 ἐφεςςάμενος
797 3153 872 3224 cet,
901 3141 1003 3206 0277
1034 3140 1117 3206 ἀλλά
1146 3163 1183 3221 με
1209 3143 1288 3219 νηὸς
1317 3142 1444 3222 scetem
1466 3152 1496 3204 et

332 3241 473 3321 Hesychii
496 3245 774 3322 interpretationem
798 3243 970 3322 ἐφέςςατο·
993 3243 1187 3324 ἐπεβάλλετο
1211 3253 1241 3304 et
1262 3243 1405 3322 ἑφέςςοιι·
1427 3245 1495 3308 ἐπι-

332 3340 452 3405 καθίςοιι
474 3347 512 3424 τῇ
534 3342 603 3422 uqi,
627 3363 754 3425 quacum
776 3348 929 3425 conspirat
951 3346 1043 3408 schol.
1059 3348 1103 3412 ‚ad
1127 3343 1224 3411 ν274
1245 3348 1276 3407 in
1299 3347 1365 3408 cod.
1380 3348 1418 3416 V,
1442 3347 1495 3408 ubi

332 3441 460 3520 ἐφέςςοι
488 3446 580 3507 simili
603 3447 691 3508 modo
719 3447 884 3527 explicatur
906 3446 1029 3524 ἱδρῦςαι
1057 3446 1103 3511 εἰς
1129 3447 1187 3524 τὴν
1214 3447 1304 3510 ναῦν.
1348 3449 1496 3509 bissinus

331 3565 367 3606 ex
389 3547 437 3607 his
458 3547 547 3618 locis,
570 3566 631 3609 non
654 3548 750 3608 solum
766 3548 908 3609 Zenodoti
932 3548 1004 3610 illud
1026 3546 1175 3626 ἑφείςατο
1199 3557 1229 3610 et
1244 3567 1318 3628 quae
1341 3549 1411 3609 huic
1427 3556 1497 3610 sunt

329 3648 443 3710 formae
466 3650 580 3710 similes
601 3655 721 3727 praeter
744 3646 830 3713 εἷςον
859 3670 878 3727 η
903 3647 963 3712 163
996 3645 1160 3711 abhorrere
1188 3651 1225 3711 ab
1248 3669 1303 3711 usu
1325 3650 1493 3723 Homerico,

330 3753 564 3821 verumetiam,
597 3751 649 3812 ubi
673 3751 853 3813 deuotione
882 3753 1047 3833 inponendi
1070 3755 1256 3833 maximeque
1285 3753 1321 3812 de
1350 3771 1493 3813 conscen-

330 3849 427 3910 denda
459 3869 533 3910 nave
567 3853 679 3928 agitur,
714 3854 911 3931 compositum
939 3854 1064 3914 verbum
1098 3852 1242 3931 ἑφέςςαι,
1274 3873 1334 3915 riou
1367 3854 1495 3934 simplex

331 3949 416 4014 ἕςςαι
437 3951 566 4013 Homero
589 3954 682 4014 luisse
705 3955 862 4015 familiare.
907 3955 1010 4027 Quare¹
1027 3955 1190 4037 probantes
1217 3975 1285 4018 cum
1307 3956 1392 4016 Imm.
1416 3956 1494 4017 Bek-

328 4053 402 4112 lero
424 4055 661 4116 emendationem
676 4054 841 4118 Rhianeam
858 4058 990 4119 delemus
1004 4059 1132 4118 lormam
1148 4055 1291 4128 ἐέςςατο,
1315 4075 1493 4138 quamquam

328 4151 515 4216 Dlrentzerus
536 4156 645 4217 Zenod.
666 4176 696 4237 p.
713 4155 755 4218 62
769 4166 915 4239 patronus
937 4177 971 4220 ac
987 4161 1127 4220 defensor
1143 4163 1273 4233 exstitit;
1296 4178 1364 4220 nam
1376 4161 1491 4230 vereor,

328 4274 365 4317 ne
388 4260 434 4319 vir
456 4258 661 4328 doctissimus,
685 4277 753 4320 eum
776 4257 846 4322 ἕςςο
871 4260 890 4323 Γ
911 4258 951 4322 57
975 4269 1004 4321 et
1027 4280 1049 4322 π
1074 4258 1134 4322 199
1157 4262 1288 4323 conferri
1310 4260 1437 4332 iuberet,
1462 4246 1515 4323 in

328 4375 462 4420 errorem
495 4361 597 4421 induci
630 4380 661 4422 se
694 4379 798 4441 passus
831 4365 884 4432 sit,
918 4381 985 4423 cum
1017 4361 1104 4445 ἕςςο,
1141 4364 1218 4444 quod
1250 4360 1330 4425 757
1364 4365 1492 4443 perlecti
