3340 5164
751 333 793 398 23

698 419 849 436 ——--÷---

192 525 316 605 proprio
338 540 453 584 servam
477 522 692 584 cubiculariam
716 523 838 584 indicat.
884 523 920 584 Vt
941 522 1089 584 Homerus
1111 521 1137 585 0
1159 518 1231 592 444,
1255 541 1281 600 φ
1305 519 1354 584 19..

193 623 236 688 60
257 622 422 704 φαρέτρην
445 619 592 699 ἰοδόκον,
615 627 659 684 sic
680 625 815 687 Rhianus
828 623 924 691 τόξον
947 622 1078 701 ἰοβόλον
1095 622 1164 693 t,1
1189 624 1354 702 appellavit,

193 735 223 789 et
245 727 318 788 haec
340 725 485 787 salutandi
507 726 633 786 lormula
648 723 717 802 4,5
738 726 850 803 τηλόθι
872 745 925 806 μοι
947 724 1032 805 μάλα
1053 727 1145 806 χαῖρε
1167 745 1205 786 ex
1227 727 1278 786 illo
1300 727 1355 786 llu-

192 832 249 892 xit:
284 825 392 890 ο1ι.Ψ
416 823 464 892 19.
490 823 550 887 179
577 825 694 904 χαῖρέ
721 847 801 909 μοι,
830 827 857 892 ὡ
885 825 1072 909 Πάτροκλε,
1100 824 1203 889 6413
1231 825 1281 890 καὶ
1309 825 1356 908 τύ,

192 929 306 1010 φίλοι,
336 926 438 1006 μάλα
465 929 596 1009 χοῖρε,
629 948 648 992 ν
675 925 727 990 59.
757 949 783 992 ω
815 927 885 991 102.
929 929 1064 1010 Denique
1093 927 1139 992 δι’
1167 925 1356 1012 ἀτραπιτοῖο

192 1030 293 1094 κιόντι
314 1027 348 1102 4,
379 1027 396 1089 1
419 1029 497 1092 haud
520 1030 606 1090 aliter
633 1032 745 1093 dictum
769 1039 813 1092 est
836 1039 923 1112 atque
952 1029 1005 1094 διὰ
1032 1029 1131 1108 νήιου
1153 1027 1211 1094 ἰών
1240 1048 1261 1107 μ
1283 1027 1355 1100 335,

193 1132 246 1196 διὰ
268 1131 346 1209 νηὸς
367 1129 425 1196 ἰών
448 1148 469 1207 μ
490 1127 561 1192 206.

742 1589 806 1664 ΙΠ.

279 1776 343 1837 Ηοο
365 1776 485 1855 quidem
510 1775 676 1839 studiorum
698 1777 926 1838 Homericorum
949 1795 1058 1854 genus,
1087 1777 1165 1856 quod
1196 1776 1282 1838 modo
1306 1776 1356 1836 ad-

192 1877 343 1948 umbravi,
367 1885 484 1957 poetam
507 1877 694 1956 potissimum
718 1879 832 1958 prodit,
862 1881 913 1958 qui
937 1879 1011 1939 nihil
1035 1879 1185 1957 antiquius
1206 1877 1357 1949 habuerit,

193 1998 280 2060 quam
308 1988 341 2039 nt
370 1997 452 2038 suam
482 1978 681 2058 eloquentiam
711 1980 747 2042 ad
775 1999 922 2043 summum
952 1987 1104 2041 auctorem
1131 1979 1209 2058 epici
1236 1979 1357 2041 dicendi

192 2083 313 2159 generis
335 2081 551 2140 conformaret:
575 2099 654 2142 nunc
671 2088 856 2142 transeamus
877 2083 912 2143 ad
930 2083 1028 2144 studia
1051 2101 1101 2152 ea,
1125 2080 1236 2161 quibus
1258 2099 1355 2158 gram-

193 2185 334 2243 maticum
368 2190 397 2243 et
430 2183 567 2242 criticum
591 2201 621 2242 se
644 2185 804 2263 praestitit.
850 2183 1014 2263 Frequenti
1046 2185 1127 2244 enim
1159 2191 1188 2244 et
1219 2188 1355 2243 accurata

192 2283 315 2345 Homeri
342 2283 470 2345 lectione
498 2301 534 2344 eo
563 2285 707 2345 adductus
735 2293 794 2357 est,
819 2294 852 2346 ut
872 2319 915 2333 -
941 2287 973 2346 in
995 2286 1057 2345 'hac
1085 2302 1203 2365 quoque
1231 2301 1264 2344 re
1292 2286 1357 2344 aevi

193 2388 240 2446 sui
270 2386 516 2447 consuetudinem
545 2394 576 2447 et
603 2388 750 2447 rationem
777 2395 898 2448 seculus
925 2421 965 2431 -
993 2394 1107 2448 textum
1136 2387 1262 2447 vetustis
1290 2402 1356 2446 oor·

192 2485 319 2567 ruptelis
340 2489 476 2548 vitiatum
499 2489 659 2549 emendare
688 2498 862 2558 conaretur,
892 2491 941 2550 cui
969 2490 1090 2566 negotio
1114 2495 1174 2550 tarn
1196 2488 1356 2565 diligenter

195 2605 316 2668 operam
345 2587 443 2660 dedit,
472 2596 504 2649 ut
530 2596 598 2669 post
620 2590 801 2651 Zenodotum
812 2587 847 2669 16)
876 2593 991 2671 primus
1019 2609 1126 2650 novam
1149 2591 1355 2650 recensionem

192 2691 253 2750 sive
281 2687 449 2767 διόρθωιιν
483 2693 653 2753 conticeret.
700 2692 748 2752 Sic
782 2695 861 2753 enim
889 2675 1028 2752 constans
1056 2691 1280 2752 scholiastarum
1310 2691 1355 2751 di·

192 2791 279 2853 cendi
301 2811 373 2853 usus
396 2792 538 2872 explicari
561 2792 645 2853 iubet
666 2793 810 2856 lectiones
832 2795 951 2873 saepius
973 2795 1003 2853 in
1027 2792 1148 2876 scholiis
1170 2792 1280 2853 Rhiani
1303 2811 1355 2852 no·

192 2893 272 2953 mine
296 2894 477 2972 significatas
499 2902 530 2955 et
551 2894 717 2955 locutiones
738 2895 804 2956 illas
826 2894 846 2972 ἡ
868 2892 997 2958 Ῥιανοῦ
1021 2902 1051 2954 et
1072 2891 1091 2969 ἡ
1114 2892 1194 2955 κατὰ
1215 2891 1356 2973 Ῥιανόν,

192 3012 267 3074 quae
300 2996 330 3054 in
364 2994 484 3056 scholiis
517 2995 552 3056 ad
575 2994 600 3057 Α
623 2992 674 3056 97.
697 2992 760 3058 553
793 3004 823 3057 et
851 2996 887 3056 ad
917 2991 1017 3057 985.
1047 2991 1145 3065 095,
1180 2995 1254 3056 locis
1289 2995 1356 3056 aliis

190 3095 342 3173 leguntur.

275 3197 339 3258 Duo
362 3206 460 3260 autem
484 3207 585 3262 extant
607 3199 731 3270 scholia,
761 3219 796 3260 ex
826 3199 935 3280 quihus
963 3199 1036 3260 duas
1067 3199 1111 3260 vel
1140 3201 1229 3260 etiam
1252 3201 1356 3280 plures

193 3302 385 3361 recensiones
417 3300 570 3362 aRhiano
601 3311 719 3380 paratas
746 3320 811 3363 esse
844 3301 932 3362 lacile
965 3303 1032 3382 quis
1065 3302 1184 3362 efficere
1212 3304 1354 3381 potuerit,

191 3404 370 3479 praesertim
392 3421 460 3465 cuna
483 3404 687 3465 Aristarchum
710 3422 827 3485 quoque
843 3404 993 3483 duplicem
1016 3405 1224 3464 recensionem
1247 3404 1355 3463 iecisse

192 3500 376 3584 sciamus.¹⁷)
422 3505 548 3566 Pluralis
571 3507 650 3567 enirn
674 3524 815 3567 numerus
837 3508 952 3584 positus
974 3513 1019 3567 est
1042 3503 1135 3565 schol.
1158 3504 1194 3565 ad
1217 3523 1237 3578 γ
1258 3500 1302 3564 24
1324 3501 1355 3566 oi

193 3603 272 3666 κατὰ
294 3602 436 3687 Ῥιανόν,
460 3606 512 3667 uhi
535 3607 694 3668 Mauricius
717 3607 902 3668 Schmidtins
923 3606 1040 3685 Didymi
1064 3625 1092 3684 p.
1118 3601 1179 3666 189
1201 3601 1233 3666 αἱ
1254 3623 1309 3682 pro
1326 3603 1357 3668 oi

191 3707 339 3786 reposuit,
362 3717 393 3768 et
416 3708 506 3768 schol.
531 3708 566 3768 ad
589 3726 609 3782 γ
633 3705 693 3769 178
716 3705 748 3770 αἱ
769 3705 898 3771 Ῥιανοῦ
920 3705 1090 3786 γράφοντι.
1113 3705 1295 3787 Quamquam
1319 3707 1355 3769 dc

192 3849 393 3860 ——-.——

260 3960 302 4026 16)
319 3957 444 4012 Primum
462 3975 526 4012 eum
544 3958 602 4012 dixi
618 3960 685 4028 post
696 3958 869 4013 Zenodotum
887 3957 983 4012 fecisse
996 3956 1162 4023 editionem,
1181 3956 1247 4024 quia
1264 3973 1355 4024 neque

191 4042 406 4098 Eratosthenem
423 4059 513 4111 neque
526 4043 706 4113 Apollonium
718 4043 870 4110 Rhodium,
889 4041 937 4111 qui
954 4041 1026 4095 inter
1038 4041 1211 4096 Zenodotum
1230 4043 1259 4097 et
1269 4039 1355 4095 Rhin-

191 4144 257 4181 num
274 4125 463 4194 intercedunt,
482 4128 617 4183 editiones
636 4127 787 4182 confecisse
805 4128 923 4183 constat.

261 4215 303 4281 17)
321 4213 382 4267 Hoc
401 4212 482 4268 evicit
498 4212 664 4267 Lehrsius
682 4211 766 4266 Arist.
783 4231 811 4282 p.
829 4219 861 4266 27
881 4211 935 4283 (ed.
954 4215 1007 4282 pr.)
1031 4213 1128 4266 contra
1145 4210 1289 4278 Wolfium,
1308 4210 1356 4278 qui

190 4297 295 4367 proleg.
315 4315 343 4367 p.
362 4304 411 4352 237
430 4297 590 4366 negaverat.
626 4296 680 4352 Gfr.
700 4296 901 4366 Sengebusehii
918 4297 999 4351 Hom.
1018 4296 1114 4373 dissi
1130 4313 1158 4364 p.
1176 4300 1217 4352 25.
