3340 5164
841 371 992 473 *82-

334 562 524 628 iudicaveris.
569 569 610 628 Αο
631 569 761 645 primum
785 565 905 644 quidem
928 566 1006 645 quod
1030 568 1062 625 in
1083 567 1235 644 principio
1259 583 1362 626 versus
1384 566 1423 643 δή
1445 585 1500 647 pro

333 668 383 732 καί
406 668 575 739 substituit,
599 668 628 728 id
652 668 761 727 lactum
785 651 911 726 estnon
939 674 999 726 tam
1022 673 1055 726 ut
1084 665 1221 744 apodosis
1249 670 1346 744 magis
1373 669 1499 745 insigni-

333 778 432 839 retur,
456 788 543 850 quam
566 779 599 830 ut
622 769 680 829 dno
704 771 857 829 enuntiata
880 768 1015 828 eiusdem
1031 775 1198 828 structurae
1222 786 1256 828 ac
1279 769 1393 828 lormae
1410 771 1499 829 etiam

333 870 494 932 verborum
524 873 624 948 specie
654 871 880 930 accuratissime
913 868 973 930 sibi
1007 869 1239 949 responderent,
1274 887 1342 930 nam
1373 887 1439 929 cum
1467 872 1500 930 in

333 975 435 1050 priore
459 975 612 1034 enuntiato
634 969 714 1050 ἦμοε
742 969 920 1048 particulam
942 973 973 1031 in
995 973 1108 1048 protasi
1136 973 1263 1049 positam
1290 968 1329 1046 δὴ
1352 967 1426 1033 τότε
1449 989 1500 1030 ex-

333 1077 486 1151 ciperent,
511 1074 629 1135 easdem
653 1073 745 1133 voluit
766 1072 928 1149 particulas
950 1074 981 1132 111
1005 1073 1097 1133 altero
1119 1074 1201 1150 poni.
1238 1071 1405 1133 Obscurius
1429 1090 1498 1132 vero

334 1183 380 1236 est
402 1183 431 1236 et
453 1177 553 1237 minus
574 1173 659 1236 facile
682 1174 718 1234 ad
742 1174 955 1252 indagandum,
986 1192 1041 1235 cur
1055 1173 1155 1233 dativo
1183 1174 1278 1236 πᾶειν
1303 1176 1420 1234 reiecto
1442 1174 1498 1250 μῦ-

334 1280 392 1340 θον
422 1280 587 1356 seripserit.
632 1275 706 1336 Nam
736 1275 792 1334 boo
828 1275 948 1355 quidem
975 1274 1109 1336 Rhianus
1138 1276 1269 1352 cogitare
1302 1293 1361 1335 non
1389 1276 1496 1353 potuit,

335 1379 446 1439 Vlixem
475 1380 586 1439 iniuria
615 1377 674 1437 dici
704 1385 826 1437 cunctos
855 1380 952 1437 socios
981 1376 1116 1454 adloqui,
1146 1377 1287 1455 quoniam
1315 1395 1325 1436 1
1349 1372 1409 1436 168
1432 1394 1497 1454 sqq.

334 1481 521 1558 septuaginta
544 1480 602 1540 duo
617 1481 781 1559 periissent
802 1477 917 1555 proelio
940 1496 1006 1538 eum
1023 1477 1184 1540 Ciconibus
1206 1480 1379 1547 commisso,
1402 1473 1498 1538 κ188

333 1588 432 1641 autem
461 1600 478 1641 e
505 1581 739 1660 Laestrygonum
761 1589 850 1659 portu
873 1598 930 1640 una
948 1582 1043 1657 ipsius
1065 1580 1147 1640 navis
1163 1579 1321 1639 incolumis
1344 1581 1496 1648 evasisset,

331 1685 442 1742 ceteris
465 1682 592 1743 navibus
613 1683 717 1742 fractis
739 1683 889 1760 sociisque
912 1679 1051 1741 omnibus
1080 1682 1263 1748 interlectis;
1293 1697 1380 1757 quam
1403 1679 1497 1740 imbe-

331 1784 393 1844 cilli
417 1787 497 1844 enim
520 1792 599 1844 esset
633 1783 738 1843 iudicii
772 1783 912 1859 ignorare
947 1799 998 1842 eos
1026 1781 1159 1860 intellegi
1189 1784 1299 1852 socios,
1331 1799 1406 1861 quos
1434 1789 1498 1842 tum

331 1888 527 1946 cummaxime
556 1884 695 1953 baberet,
725 1902 786 1945 non
820 1903 894 1963 quos
923 1902 1054 1963 unquam
1081 1883 1248 1945 habuisset.
1294 1883 1397 1963 Neque
1426 1901 1496 1942 vero

331 1987 419 2056 illud,
442 1995 531 2064 puto,
556 1989 588 2046 in
610 2003 699 2046 causa
721 1986 793 2054 luit,
818 1985 896 2064 quod
919 2004 986 2046 cum
1008 1985 1099 2048 verba
1123 1982 1246 2061 ἀγορὴν
1268 1981 1401 2062 θέμενοε
1424 1987 1497 2045 satis

328 2091 488 2169 perspicue
528 2090 733 2168 exprimerent
772 2092 894 2146 cunctos
936 2089 1069 2147 contioni
1108 2089 1276 2156 interesse,
1313 2087 1407 2149 πᾶειν
1439 2103 1496 2164 per

329 2191 535 2268 pleonasmum
559 2188 692 2249 additum
715 2205 780 2248 esse
804 2186 968 2248 arbitratus
991 2194 1050 2248 est:
1079 2187 1153 2248 baec
1182 2190 1262 2248 enim
1292 2190 1396 2265 opicae
1426 2206 1495 2248 ora·

329 2294 422 2353 tionis
444 2291 579 2359 ubertas,
604 2293 631 2349 si
653 2307 710 2369 qua
727 2296 788 2359 est,
812 2291 861 2349 cui
878 2289 1036 2350 offensioni
1051 2307 1116 2350 esse
1132 2290 1248 2367 potest?
1273 2288 1382 2349 Verum
1399 2291 1494 2348 enim·

329 2413 399 2454 vero
422 2411 509 2454 usum
531 2390 691 2452 verborum
725 2391 876 2467 μετεῖπον
909 2389 1067 2469 μετάφημι
1095 2388 1293 2468 μεταφωνέιιι
1321 2387 1491 2467 μετααδάω

329 2495 525 2572 perlustranti
547 2495 579 2553 111
601 2492 761 2553 verborum
784 2499 933 2552 structura
956 2492 1029 2552 mibi
1052 2491 1169 2552 videtur
1191 2492 1325 2551 Rhianus
1348 2475 1492 2552 haesisse,

304 2633 307 2640 ·
330 2596 404 2656 Nam
427 2595 596 2672 ubieunque
620 2595 786 2654 contionari
809 2596 876 2672 quis
899 2592 1025 2662 dicitur,
1049 2593 1121 2653 haee
1136 2591 1226 2652 verba
1250 2595 1414 2672 composita
1430 2592 1492 2653 Ho-

329 2715 431 2758 merus
453 2698 539 2773 ponit
560 2704 611 2755 aut
633 2694 781 2764 absolute,
806 2703 838 2754 ut
862 2693 886 2756 Η
910 2691 960 2755 94.
983 2713 1002 2770 η
1028 2690 1102 2762 155,
1134 2700 1184 2753 aut
1212 2712 1280 2754 cum
1302 2694 1400 2754 dativo
1423 2712 1494 2771 per-

327 2817 417 2861 sonae
440 2782 613 2866 coninncta,
637 2792 790 2857 11Α13.
815 2799 832 2874 β
854 2792 896 2857 95
918 2792 1007 2874 ἄφαρ
1030 2793 1064 2856 δ’
1090 2791 1166 2871 ἡμῖν
1193 2793 1367 2875 μετέειπεν,
1389 2814 1408 2857 τ
1432 2793 1494 2858 140

326 2896 416 2979 ἄφαρ
444 2896 478 2961 δ’
505 2895 615 2960 αὐτοῖε
644 2895 828 2974 μετέειπον,
865 2906 915 2960 aut
942 2900 1031 2959 tmesi
1059 2895 1188 2958 admissa
1216 2900 1417 2957 accusativum
1446 2901 1493 2958 rei

327 3003 505 3078 interponit,
535 3008 568 3058 ut
591 2994 684 3086 1623
707 2998 786 3062 τοῑει
808 3043 840 3060 ..
863 2997 1108 3080 Τελαμωνιάδης
1137 2996 1216 3076 μετὰ
1242 2999 1344 3075 μῦθον
1372 2995 1492 3079 ἔειπεν,

324 3122 343 3164 κ
364 3099 426 3163 561
449 3101 549 3163 τοῑειν
571 3098 636 3175 ἐγὼ
659 3099 738 3178 μετὰ
752 3102 852 3177 μῦθον
876 3098 999 3164 ἔειπον.
1033 3101 1066 3161 ln
1091 3108 1194 3161 nostro
1216 3098 1314 3160 autem
1337 3119 1434 3171 versu,
1459 3111 1492 3162 ut

326 3203 414 3278 vulgo
436 3202 560 3279 legitur,
585 3220 653 3261 enm
677 3205 787 3262 tmesin
810 3210 878 3279 apte
902 3210 1033 3263 statuere
1048 3220 1107 3262 non
1130 3202 1218 3262 liceat
1235 3200 1298 3280 (cir.
1315 3202 1490 3281 Kruegerus

326 3321 371 3382 gr.
394 3321 439 3381 gr.
468 3302 495 3362 ll
523 3302 547 3383 3
569 3300 626 3374 68,
649 3299 700 3373 50,
724 3299 765 3384 5),
790 3305 916 3382 simplex
938 3301 1048 3367 ἔειπον
1078 3310 1254 3381 usurpatum
1277 3312 1322 3363 est
1344 3312 1373 3365 et
1395 3306 1488 3367 πᾶειν

324 3405 436 3484 pendet
458 3424 474 3465 a
496 3402 574 3480 μετά
595 3407 833 3482 praepositione,
862 3409 949 3467 euius
972 3407 1203 3466 constructionis
1226 3404 1302 3482 apud
1325 3404 1488 3467 Homerum

326 3508 493 3587 exemplum
527 3510 595 3568 novi
626 3505 741 3568 nullum
777 3516 898 3586 praeter
929 3527 953 3569 π
980 3503 1043 3568 336
1077 3507 1173 3583 κῆρυξ
1205 3489 1271 3583 ’μέν
1307 3503 1348 3583 ῥα
1383 3506 1488 3590 μέεῃει

325 3608 404 3687 μετὰ
435 3611 573 3692 δμωῇειν
607 3605 713 3672 ἔειπεν
747 3615 776 3668 et
809 3605 912 3672 e433
935 3605 1047 3686 Ἀρήτη
1080 3607 1116 3670 δὲ
1152 3605 1231 3685 μετὰ
1259 3611 1402 3689 δμωῇειν
1426 3606 1486 3672 ἔει-

325 3729 394 3773 πεν.
439 3709 585 3772 Similiter
621 3728 689 3771 oum
724 3714 831 3788 ingens
864 3713 904 3771 sit
936 3729 1076 3770 versuum
1113 3728 1271 3778 numerus,
1310 3713 1340 3770 in
1377 3709 1487 3791 quibus

323 3810 381 3874 τὸν
409 3811 445 3874 δὲ
465 3856 496 3871 ..
521 3809 668 3889 προεέφη
700 3811 744 3871 vel
773 3813 883 3872 similia
915 3812 1072 3890 leguntur,
1105 3830 1165 3872 non
1198 3811 1274 3872 solet
1306 3812 1368 3872 dici
1405 3811 1487 3890 πρὸ(

323 3912 382 3977 τὸν
408 3961 437 3975 ..
468 3909 540 3990 ἔφη.
572 3911 654 3972 Hanc
690 3913 785 3989 igitur
817 3912 856 3972 oh
890 3932 1008 3974 causam
1038 3913 1172 3975 Rhianus
1205 3933 1220 3973 a
1250 3912 1367 3991 vulgata
1390 3916 1485 3991 scrip-

324 4023 390 4075 tura
414 4016 540 4073 recessit
562 4021 592 4073 et
615 4015 717 4089 μῦθον
739 4016 853 4092 posuit,
878 4015 957 4094 quod
981 4015 1118 4076 baustum
1135 4022 1181 4076 est
1196 4033 1232 4075 ex
1247 4015 1383 4076 versibus
1396 4031 1484 4092 supra

323 4116 419 4178 allatis
443 4113 449 4176 Ι
477 4110 539 4174 623
562 4121 591 4174 ot
614 4133 631 4174 κ
653 4111 714 4176 561
739 4114 826 4176 etad
856 4116 1083 4178 similitudinem
1112 4117 1227 4176 accedit
1254 4116 1414 4177 locutionis
1434 4114 1485 4179 xci

322 4237 373 4295 μιν
396 4215 478 4294 πρὸ(
500 4217 600 4291 μῦθον
623 4212 730 4278 ἔειπεν
753 4218 771 4278 δ
794 4213 866 4277 803.
889 4214 971 4281 zm.
996 4215 1080 4293 974.
1105 4236 1121 4279 c
1144 4215 1216 4279 169.
1240 4215 1313 4295 ψ4.
1335 4218 1484 4278 Personae

323 4328 421 4379 autem
449 4318 566 4378 dativus
598 4336 659 4378 non
682 4315 919 4388 desiderabitur,
948 4322 1058 4398 quippe
1088 4321 1175 4380 cuius
1203 4319 1299 4379 locum
1329 4319 1484 4379 obtineant
