3340 5164
746 387 787 452 85

693 477 843 484 ———.

187 581 293 634 nactus
315 572 385 651 est),
410 577 435 635 si
459 577 541 653 quis,
565 582 598 634 ut
620 575 734 648 Vlixes,
764 597 780 638 a
802 596 873 656 rege
897 578 1028 656 benigno
1051 579 1180 659 hospitio
1203 584 1351 661 excipitur

188 672 380 752 (ἐκομίεεατο
403 672 492 754 316),
517 676 553 737 ab
577 679 642 755 ipso
664 681 745 756 regis
767 680 826 740 filia
848 698 937 739 manu
960 679 1132 742 sublevatos
1154 683 1273 744 domum
1296 685 1349 744 du-

187 777 282 845 citur,
306 780 493 838 vestimentis
516 779 657 848 donatur,
682 779 716 839 ad
741 781 832 841 alium
856 781 984 856 denique
1012 800 1115 859 regem
1138 801 1204 843 cum
1228 802 1296 844 cura
1321 795 1350 845 et

187 876 341 955 diligentia
363 880 491 940 mittitur
515 878 647 958 (πέμψαι
669 877 827 944 ἐνδυκέως
850 901 874 941 ν.
891 878 982 960 337)ἳ
1006 883 1116 943 Saltem
1139 881 1184 946 dvc
1205 887 1350 964 particula

187 978 341 1040 adicienda
365 988 446 1042 erat:
470 983 568 1060 ‘quasi
591 978 746 1058 ἀπριάτη(
768 986 869 1044 esset'.
894 983 985 1043 Multo
1013 992 1145 1064 praestat
1168 987 1201 1046 G.
1225 985 1349 1047 Curtii

185 1081 278 1151 ratio,
312 1083 363 1160 qui
398 1090 487 1162 etym.
521 1100 566 1159 gr.
600 1102 630 1161 p.
652 1074 713 1143 571
739 1083 794 1143 hoc
828 1082 1000 1144 vocabulum
1032 1086 1128 1145 forma
1159 1087 1347 1156 adiectivum,

186 1182 403 1258 significatione
441 1183 615 1244 adverbium
653 1202 717 1244 esse
754 1185 876 1244 statuit:
919 1186 1057 1246 feminini
1094 1189 1174 1247 enlm
1211 1189 1349 1249 adiectivi

185 1280 321 1359 ἀπριάτη
352 1279 551 1345 accusativum
579 1285 699 1364 quidem
728 1285 887 1362 intellegit,
925 1287 976 1346 sed
1005 1288 1056 1366 qui
1086 1288 1219 1349 adverbii
1248 1299 1349 1368 partes

186 1381 325 1454 subierit,
349 1385 467 1445 collatis
488 1381 604 1466 ἄντην,
627 1383 786 1466 ἀντιβίην,
810 1386 954 1464 exemplis
976 1387 1056 1461 aliis,
1083 1406 1156 1465 quae
1180 1390 1349 1451 Lobecklus

184 1587 317 1646 editores
337 1587 486 1647 Ameisius
519 1595 563 1657 et,
598 1590 622 1648 si
655 1596 735 1648 recte
766 1590 831 1649 eius
863 1589 953 1650 verba
981 1591 1128 1661 intellexi,
1152 1592 1346 1654 Dueutzerus.

184 1686 292 1748 Verum
316 1688 352 1748 de
376 1689 430 1748 bac
453 1707 486 1749 re
509 1689 687 1751 existimatio
710 1709 763 1751 sua
785 1691 894 1768 cuique
923 1693 976 1750 sit:
1000 1711 1066 1752 mea
1089 1711 1148 1752 non
1170 1701 1230 1753 tam
1253 1696 1347 1754 inter-

184 1795 249 1848 erat
281 1792 484 1868 quaestiouem
513 1792 722 1870 perdifficilem
757 1791 871 1852 solvere
901 1811 989 1872 quam
1019 1793 1223 1855 dillicultatem
1252 1797 1347 1874 ipsam

185 1890 316 1951 indicare
339 1899 369 1952 et
391 1891 538 1952 Rhianum
560 1911 621 1953 non
643 1894 709 1952 sine
732 1894 892 1970 sagacitate
921 1903 950 1954 et
978 1897 1040 1954 veri
1064 1913 1153 1956 sensu
1176 1899 1272 1974 egisse
1296 1897 1346 1957 de·

183 2000 358 2054 monstrare.

266 2099 283 2160 ξ
304 2090 376 2155 343.
422 2095 456 2155 ln
479 2095 582 2155 eadem
605 2095 774 2156 narratione
797 2094 910 2168 Vlixes,
934 2114 1000 2156 cum
1023 2098 1055 2158 iu
1077 2098 1134 2158 alto
1157 2106 1250 2169 esset,
1274 2119 1306 2161 se
1330 2096 1396 2162 ata

182 2196 304 2275 perfidis
332 2198 431 2257 nautis
452 2197 628 2275 Thesprotis
657 2198 844 2258 vestimentis
867 2205 988 2258 exutum
1016 2206 1047 2258 et
1073 2202 1181 2279 pannis
1208 2201 1346 2262 indutum

183 2317 246 2358 esse
269 2298 357 2358 dicit:

308 2397 343 2462 ἐκ
365 2397 422 2476 μέν
444 2417 482 2475 με
504 2385 640 2476 χλαῖνάν
662 2417 696 2461 τε
718 2397 839 2476 χιτῶνά
859 2418 894 2462 τε
916 2397 1019 2478 εἵματ’
1041 2399 1173 2483 ἔδυιαν,

309 2497 390 2578 ἀμφὶ
412 2499 448 2563 δέ
469 2519 530 2578 μοι
546 2497 642 2577 ῥάκος
665 2497 746 2562 ἄλλο
770 2499 868 2563 κακὸν
892 2499 992 2579 βάλον
1015 2500 1072 2578 ἠδὲ
1094 2506 1228 2584 χιτῶνα,

308 2599 508 2678 ῥωγαλέα,
531 2601 570 2663 τὰ
592 2601 643 2664 καὶ
665 2599 762 2664 αὐτὸ(
785 2600 820 2664 ἐν
843 2599 1056 2681 ὀφθαλμοῖςιν
1079 2601 1182 2682 ὅρηαι.

182 2703 280 2763 Sebol.
308 2700 435 2766 Ῥιανὸς
463 2701 681 2779 ῥωγαλέον.
711 2703 746 2763 Η.
790 2703 852 2763 Hoc
882 2705 1062 2765 adieetivum
1090 2715 1237 2768 commate
1266 2709 1344 2786 quod

181 2804 334 2884 praecedit
356 2805 454 2864 deleto
477 2805 512 2865 ad
536 2806 656 2881 χιτῶνα
677 2805 802 2866 rettulit.
839 2802 923 2874 Quod
940 2822 1118 2885 quamquam
1139 2826 1194 2886 per
1216 2816 1344 2869 metrum

181 2907 246 2966 fieri
269 2907 356 2975 licet,
380 2913 480 2966 tamen
501 2908 627 2967 criticus
649 2914 751 2967 noster
765 2907 815 2966 bic
831 2907 958 2985 quodam
979 2907 1067 2967 modo
1090 2925 1106 2967 a
1128 2927 1160 2970 se
1183 2910 1344 2971 descivisse

181 3008 331 3087 putandus
354 3015 399 3068 est
420 3015 451 3068 et
472 3017 588 3069 temere
611 3008 758 3086 vulgatam
782 3009 962 3087 scripturam
979 3009 1154 3080 mutavisse,
1177 3029 1245 3072 nam
1268 3012 1343 3073 duae

180 3109 248 3170 illae
271 3127 393 3179 causae,
426 3108 536 3189 quibus
565 3128 634 3170 eum
661 3108 813 3188 inpulsum
843 3128 908 3170 esse
938 3110 1025 3170 facile
1053 3113 1253 3194 perspicitur,
1284 3133 1343 3175 nou

180 3211 305 3272 idoneae
333 3218 417 3280 sunt,
452 3209 562 3290 quibus
589 3210 677 3272 nobis
709 3211 896 3289 persuadeat.
940 3212 981 3272 Ac
1013 3214 1147 3292 priorem
1179 3232 1297 3276 causam
1327 3234 1343 3276 e

181 3320 277 3373 metro
300 3313 403 3390 petiit,
428 3313 497 3388 quia
519 3310 622 3372 ultima
645 3310 755 3391 syllaba
777 3311 910 3377 vocabuli
939 3310 1102 3394 ῥωγαλέα,
1132 3334 1208 3394 quae
1237 3324 1343 3378 natura

179 3413 279 3474 brevis
301 3421 360 3483 est,
385 3415 415 3473 in
438 3431 526 3472 versu
548 3413 693 3492 producta
715 3422 893 3494 usurpatur:
928 3422 958 3474 at
986 3415 1078 3475 huius
1100 3435 1171 3477 usus
1193 3435 1252 3478 nou
1275 3435 1344 3479 rara

181 3534 246 3576 esse
270 3515 421 3595 exempla,
451 3515 481 3575 id
505 3514 584 3594 quod
606 3521 693 3592 poeta
721 3517 839 3594 epicus,
868 3518 921 3595 qui
946 3517 1109 3594 permultos
1142 3537 1246 3579 versus
1273 3538 1342 3580 con·

180 3617 272 3685 didit,
295 3619 373 3677 scire
394 3623 526 3696 poterat,
557 3633 592 3675 ex
615 3619 654 3677 iis
675 3617 873 3695 intellegitur,
902 3634 978 3696 quae
1002 3617 1149 3680 Amelsius
1175 3619 1210 3680 ad
1238 3616 1343 3694 1230

179 3719 338 3778 adnotavit.
382 3717 482 3779 Altera
504 3733 592 3778 causa
614 3719 644 3776 in
669 3735 704 3777 eo
718 3718 813 3795 posita
836 3725 893 3788 est,
922 3718 1002 3798 quod
1024 3721 1167 3780 orationis
1189 3723 1342 3783 concinni·

179 3821 235 3881 tati
263 3819 419 3879 consulere
447 3817 505 3879 sibi
536 3817 707 3888 videbatur,
742 3821 767 3879 si
790 3821 937 3890 efficeret,
973 3828 1006 3882 ut
1040 3839 1099 3881 non
1123 3823 1211 3883 modo
1233 3819 1341 3903 ῥάκος,

179 3919 230 3981 sed
254 3923 344 3981 etiam
366 3922 487 3997 χιτῶνα
513 3920 645 3998 epitheto
667 3928 836 3982 ornaretur.
881 3922 939 3983 Sed
962 3925 988 3984 si
1009 3923 1065 3982 hoc
1088 3923 1199 4002 ubique
1222 3911 1341 3984 efficere

179 4022 333 4092 voluisset,
367 4022 490 4099 plurimi
518 4039 621 4082 versus
653 4024 685 4083 in
707 4021 838 4082 Homero
866 4023 998 4083 mutandi
1026 4031 1124 4093 eraut,
1160 4042 1215 4085 nec
1242 4031 1341 4086 tamen

179 4141 282 4184 omnes
303 4130 362 4184 tam
380 4124 441 4184 leni
462 4123 597 4184 remedio
619 4130 765 4194 sanasset,
789 4141 858 4186 uam
873 4127 987 4195 versui,
1011 4126 1063 4205 qui
1085 4124 1155 4186 huic
1178 4135 1223 4188 est
1246 4127 1339 4187 simil·
1416 4128 1419 4134 '

177 4226 282 4295 limus,
306 4243 324 4287 v
346 4221 411 4285 434
432 4222 512 4302 ἀμφὶ
544 4223 579 4287 δέ
602 4243 653 4302 μιν
676 4221 774 4302 ῥάκος
796 4222 877 4288 ἄλλο
900 4223 999 4288 κακὸν
1024 4225 1121 4304 βάλεν
1143 4224 1199 4302 ἠδὲ
1220 4227 1341 4303 χιτῶνα

179 4324 338 4408 ῥωγαλέα,
354 4323 537 4404 ῥυπόωντα,
552 4331 638 4408 κακῷ
653 4325 875 4404 μεμορυχμένα
889 4330 1001 4408 καπνῷ
1015 4327 1137 4388 eandem
1154 4329 1339 4389 curationem
