3340 5164
697 383 850 482 ,⁶2-

190 575 323 636 scholion
351 575 460 636 mendo
493 576 678 655 inquinatum
708 575 760 644 sit,
790 575 947 634 veracius
975 574 1066 635 lectio
1094 581 1177 635 certo
1205 575 1356 653 explorari

189 679 304 757 nequit.
350 677 426 737 Sunt
448 684 546 737 autem
570 677 643 738 haec
666 676 789 738 tradita:

316 775 392 842 roric
420 775 587 858 (Φοίνικας)
621 775 658 855 μ’
691 775 839 841 ἐκέλευεα
865 775 1017 842 Πύλονδε
1050 777 1235 856 καταιτῆεαι
1262 777 1313 842 καὶ

947 877 1075 958 ἐφέειαι

314 980 333 1057 ἢ
357 977 401 1044 εἰ(
420 980 536 1044 Ἤλιδα
558 980 646 1048 δῖαν,
671 976 721 1041 ὅθι
741 979 927 1058 κρατέουειν
949 978 1078 1044 Ἐπειοί.

186 1084 229 1144 λι]
245 1084 318 1144 haec
334 1082 505 1144 adnotatum
527 1090 572 1142 est
587 1081 734 1142 scholion:
750 1079 770 1158 ἡ
796 1080 926 1144 Ῥιανοῦ
947 1079 1186 1161 ἀποφάεεαι,
1210 1082 1353 1166 ἀποπέμ-

186 1203 255 1264 ψαι.
279 1184 320 1254 Η,
350 1192 382 1245 ut
403 1202 460 1244 nec
488 1183 567 1244 unde
597 1183 759 1244 descendat
780 1183 837 1244 hoc
866 1183 1034 1245 inauditum
1062 1184 1171 1247 Rhiani
1200 1188 1352 1249 inventum

185 1306 242 1348 nec
264 1289 351 1347 cuius
374 1285 458 1346 verbi
481 1288 513 1345 in
537 1285 633 1345 locum
656 1284 896 1348 substituendum
920 1287 959 1345 sit
981 1287 1121 1347 sciamus,
1165 1286 1257 1349 Felici
1282 1309 1352 1352 casu

184 1390 296 1449 lactum
319 1396 378 1458 est,
402 1395 435 1448 ut
456 1389 755 1464 interpretamentum
778 1384 971 1464 ἀποπέμψαι
993 1407 1009 1448 a
1032 1387 1158 1468 Didymo
1181 1390 1351 1454 adiunctum

184 1509 244 1550 non
268 1490 477 1551 intercideret:
501 1490 581 1550 unde
602 1490 700 1568 primo
723 1488 829 1549 obtutu
851 1488 981 1566 proclive
1010 1496 1055 1550 est
1077 1491 1223 1568 suspicari
1253 1490 1351 1556 ἀπο-

184 1589 321 1654 νάεεαι
355 1609 409 1670 pro
441 1591 627 1666 καταιτῆιαι
660 1589 879 1668 reponendum,
914 1589 993 1670 quod
1025 1598 1055 1651 et
1087 1591 1249 1654 satisfaciat
1281 1594 1350 1655 huic

184 1695 356 1755 dimittendi
386 1693 499 1754 notioni
531 1692 595 1771 (cfr.
619 1690 652 1754 Π
673 1687 714 1753 86
748 1699 778 1752 et
810 1711 901 1753 sensu
928 1691 1048 1754 mediati
1072 1692 1094 1754 Β
1117 1689 1179 1754 629
1207 1691 1244 1758 dc
1270 1715 1350 1758 ποτε
1394 1683 1404 1692 ”

183 1792 397 1872 Δουλίχιόνδ’
419 1791 636 1872 ἀπενάεεατο,
661 1789 759 1855 0254
780 1789 818 1854 ὅ(
839 1791 873 1871 ῤ’
895 1792 1122 1872 Ὑπερηιίηνδ’
1137 1791 1347 1876 ύπενάαατο)

183 1904 213 1957 et
235 1916 251 1957 a
273 1896 441 1957 litterarum
464 1895 604 1956 ductibus
631 1893 716 1955 verbi
739 1891 923 1973 ἀποφάιεαι
950 1898 1040 1956 unius
1068 1895 1216 1957 litterulae
1244 1898 1349 1960 discri-

182 1999 263 2058 mine
286 1997 412 2058 dillerat.
458 1997 494 2058 ht
516 1996 573 2056 hoc
600 2003 724 2074 propter
753 2003 881 2057 metrum
909 1997 973 2057 lieri
996 2015 1056 2058 non
1078 2015 1165 2075 posse
1188 1999 1286 2061 elucet
1309 2035 1346 2046 -

181 2101 242 2160 nisi
264 2117 335 2160 vero
357 2119 376 2162 v
398 2098 527 2159 litteram
556 2099 799 2190 pronuntiatione
827 2098 971 2176 geminari
1000 2097 1198 2159 volumus-
1220 2120 1347 2182 cumque

181 2200 253 2281 quid
277 2201 433 2261 offensioni
456 2199 571 2261 Rhiano
593 2200 701 2269 luerit,
731 2199 825 2259 altero
848 2198 961 2260 scholio
981 2199 1061 2261 haud
1084 2199 1211 2262 obscure
1233 2204 1346 2265 indice·

180 2310 243 2363 tur:
271 2300 423 2365 Πύλονδε
451 2302 654 2378 καταετῆιαι·
683 2297 919 2377 ἀντέιτραπτοι.
947 2298 1122 2380 ἐπιβιβάιαι
1149 2301 1211 2380 γὰρ
1233 2308 1271 2386 τῇ
1294 2303 1347 2383 νηῒ

180 2401 230 2466 καὶ
252 2404 437 2480 καταετῆιαι
458 2401 477 2480 ἢ
500 2399 544 2465 εἰ(
566 2400 679 2466 Πύλον
703 2400 722 2477 ἢ
745 2401 789 2465 εἰ(
810 2400 925 2464 Ἤλιδα
940 2404 1029 2483 δῖαν,
1053 2403 1174 2466 dubium
1198 2424 1264 2466 esse
1286 2427 1345 2469 non

178 2507 292 2584 potest,
321 2507 391 2585 quin
423 2504 545 2565 verbum
574 2501 703 2583 ἐφέεεαι
734 2503 889 2564 allhiann
917 2511 1062 2567 mutatum
1090 2506 1137 2566 sit.
1181 2506 1244 2567 lloc
1266 2509 1345 2570 enim

179 2606 461 2684 verbumsignihcot
480 2602 655 2683 ἐπιβιβύεαι
669 2607 707 2686 τῇ
730 2603 782 2681 νηῖ
809 2607 885 2674 sive,
914 2612 947 2665 ut
973 2607 1002 2667 in
1032 2605 1095 2667 cod.
1119 2607 1143 2666 V
1171 2609 1343 2689 explicatur,

177 2705 299 2784 ἱδρῦιαι
321 2705 364 2770 εἰ(
386 2707 444 2785 τὴν
466 2708 548 2770 ναῦν
571 2705 649 2786 (vide
672 2707 761 2767 etiam
784 2707 942 2768 lectionem
963 2704 985 2766 4
1005 2728 1034 2788 p.
1058 2704 1128 2788 36);
1156 2728 1223 2772 cum
1247 2717 1343 2773 autem
1459 2791 1462 2796 Ι

178 2828 279 2870 rerum
310 2810 383 2871 ordo
417 2809 560 2890 postulet,
594 2814 628 2868 ut
655 2807 819 2868 Phoenices
851 2809 880 2869 in
910 2827 1013 2871 navem
1044 2809 1154 2870 Vlixem
1190 2811 1343 2890 inponant,

177 2913 350 2991 priusquam
380 2911 483 2991 Pylum
512 2910 674 2978 deducant,
709 2910 868 2988 fugiendae
896 2911 984 2971 huius
1011 2910 1226 2991 discrepantiae
1255 2931 1343 2975 causa

178 3013 308 3073 Rhianus
335 3012 506 3074 dimittendi
531 3009 656 3071 verbum
684 3009 844 3071 substituit.
889 3011 931 3072 hc
959 3011 1157 3074 Buttmannus
1190 3016 1343 3077 verissime

175 3115 317 3174 iudicavit
338 3113 396 3174 hoc
424 3113 498 3174 nihil
528 3111 606 3173 aliud
630 3130 696 3172 esse
719 3130 806 3192 posse
834 3113 895 3172 nisi
924 3110 1132 3193 concode,
1161 3118 1241 3196 quod
1269 3119 1342 3179 scite

176 3216 333 3276 admodum
357 3222 387 3275 et
408 3215 560 3293 ingeniose
583 3213 694 3273 invenit
716 3213 862 3282 Rhianus,
886 3231 953 3273 cum
977 3213 1012 3274 ad
1034 3214 1201 3277 litterarum
1223 3237 1341 3299 quoque

175 3318 305 3398 speciem
339 3316 521 3378 simillimum
556 3317 594 3375 sit
627 3313 720 3375 verbo
753 3311 894 3392 ἐφὲειαιι
929 3317 1052 3376 vetustis
1079 3317 1158 3379 enim
1187 3317 1341 3382 elementis

174 3417 283 3478 lonicis
315 3417 372 3476 hoc
400 3414 548 3497 enecet,
581 3415 654 3476 illud
679 3413 815 3478 ΑΦΕΕΑΙ
845 3423 996 3478 exaratum
1025 3425 1098 3479 erat.
1144 3419 1341 3483 Nihilominus

175 3538 263 3580 nemo
294 3518 380 3579 hodie
415 3519 492 3579 hanc
520 3520 739 3587 coniecturam,
772 3524 872 3578 natam
899 3517 979 3579 illam
1010 3519 1048 3580 ah
1076 3539 1147 3581 usus
1174 3523 1339 3601 pervulgati

240 3771 283 3836 48)
301 3766 452 3823 Adnotavit
468 3767 653 3822 Buttmannus
670 3765 699 3820 in
716 3765 801 3825 schol.
814 3765 949 3821 editione:
968 3768 1151 3834 ‘dcccdccov
1173 3787 1230 3826 non
1245 3774 1339 3843 potest

173 3853 240 3922 quin
257 3868 307 3922 pro
329 3854 441 3920 ἐφὲεεαι
457 3851 581 3907 Rhianus
604 3851 722 3906 voluerit
744 3853 860 3921 ἀφήεαις
884 3867 956 3920 qnae
977 3869 1034 3906 non
1055 3853 1131 3908 male
1151 3855 1226 3911 foret
1246 3858 1337 3926 lectio,

171 3937 245 3992 unde
262 3939 358 3992 tamen
376 3936 516 4004 quomodo
534 3937 631 3991 natum
650 3935 687 3990 sit
703 3937 778 3991 istud
800 3936 972 4004 duopdccm,
995 3936 1124 4006 equidem
1151 3955 1207 3993 non
1225 3940 1336 3996 nicoma

171 4022 226 4076 Sed
242 4037 335 4076 nonne
352 4021 407 4075 hoc
423 4022 491 4074 setis
518 4020 674 4090 explicatur
694 4019 802 4074 librarii
821 4019 964 4074 oscitantis
986 4021 1179 4092 neglegentia,
1202 4024 1251 4093 qui
1272 4042 1335 4080 curn

170 4106 318 4174 insequens
343 4104 510 4160 vocabulum
537 4106 704 4172 ἀποπέμψαι
735 4121 797 4159 cum
828 4105 885 4158 ἀπό
916 4105 1124 4174 praepositione
1152 4109 1335 4177 compositum

171 4193 256 4257 esset,
274 4190 331 4244 iem
348 4188 437 4260 priori
453 4189 539 4244 verbo
558 4207 620 4244 eam
638 4188 763 4244 addidit?
798 4189 928 4245 Ceterum
945 4187 1043 4256 miror,
1063 4190 1138 4257 quod
1155 4191 1196 4246 La
1213 4191 1335 4247 ltochius

169 4273 199 4327 in
217 4275 283 4328 edit.
303 4274 354 4328 Od.
373 4274 409 4329 ad
426 4273 500 4328 hunc
517 4274 608 4328 locum
631 4275 768 4342 ἀφεῑεαι
796 4273 959 4329 dubitanter
981 4273 1121 4344 ascripsit,
1144 4292 1209 4329 nam
1231 4274 1277 4330 hic
1292 4275 1334 4331 in·

169 4358 290 4414 finitivus
307 4358 396 4426 nullo,
415 4358 491 4428 quod
508 4357 607 4426 sciam,
624 4357 686 4414 loco
705 4357 780 4429 apud
797 4357 948 4413 Homerum
965 4357 1113 4416 invenitur.
