3340 5164
759 477 761 482 .
824 388 974 487 ,ο-

317 581 368 660 (sc.
391 578 485 656 λέων)
509 578 624 655 κρείων
647 575 799 654 ἐρατίζων
821 573 915 655 ἰθύει,
939 575 1016 641 ott’
1044 575 1084 640 οὕ
1113 597 1143 640 τι
1164 575 1293 653 πρῆςςει
1321 583 1351 636 et
1374 573 1396 637 C
1418 572 1480 637 357

316 678 454 758 ἔπρηξας
475 678 528 742 καὶ
548 677 658 742 ἔπειτα
665 727 674 758 ,
698 680 819 756 βοῶπις
840 676 957 740 πότνια
978 677 1078 758 Ἥρη,
1100 679 1208 758 quibus
1230 679 1354 754 insuper
1369 676 1481 737 addere

316 788 432 860 poterat
453 781 479 843 Α
499 777 562 842 562
584 781 700 857 πρῆξαι
721 777 754 840 δ’
782 776 884 856 ἔμπης
907 777 997 841 οὔτι
1020 779 1186 856 δυνήςεαι,
1216 775 1243 840 Ω
1264 774 1329 838 550
1355 774 1396 839 οὐ
1419 776 1480 855 γάρ

316 901 346 945 τι
367 882 511 963 πρήξεις,
535 881 568 961 [β
592 878 652 942 191
675 883 791 958 πρῆξαι
813 879 845 942 δ’
872 877 972 957 ἔμπης
994 877 1034 942 οὔ
1056 899 1086 942 τι
1105 878 1304 960 δυνήςεται],
1326 876 1404 953 γ60
1425 877 1482 942 δὸς

317 983 351 1046 δ’
374 983 418 1046 ἔτι
441 981 629 1060 Τηλέμαχον
652 981 702 1044 καὶ
723 979 779 1059 ἐμὲ
801 980 964 1058 πρήξαντα
986 979 1109 1046 νέεςθαι
1131 983 1150 1040 1.
1168 1001 1194 1042 e.
1218 1000 1251 1040 re
1274 981 1408 1041 contecta
1432 999 1481 1040 re·

317 1086 397 1154 (tire,
421 1104 444 1146 π
459 1081 500 1145 88
523 1085 638 1161 πρῆξαι
661 1082 694 1144 δ’
717 1081 879 1158 ἀργαλέον
901 1101 931 1144 τι
952 1082 1030 1158 μετὰ
1051 1081 1236 1145 πλεόνεςςιν
1260 1079 1357 1143 ἐόντα
1378 1078 1482 1156 ἄνδρα

316 1185 367 1248 καὶ
387 1183 531 1265 ἴφθιμον,
553 1205 570 1247 τ
592 1181 655 1246 324
678 1183 755 1246 οὐδέ
777 1203 806 1246 τι
828 1181 927 1259 ἔργον
949 1182 1061 1247 ἐνθάδ’
1083 1183 1129 1247 ἔτι
1151 1183 1304 1264 πρήξει,ξ
1328 1179 1387 1242 197
1411 1180 1482 1245 οὔτι

317 1286 516 1363 διαπρήξαιμι
539 1285 643 1360 λέγων
666 1284 725 1362 ἐμὰ
748 1284 845 1360 κήδεα
867 1286 969 1360 θυμοῦ
992 1287 1010 1344 i.
1036 1306 1062 1345 ο.
1092 1291 1161 1345 ‘non
1191 1285 1225 1346 ad
1255 1284 1344 1344 finem
1372 1284 1481 1361 perdu-

317 1407 381 1450 cam
405 1386 547 1448 maiorum
572 1405 705 1446 meorum
730 1387 954 1446 narrationem!
1000 1386 1041 1445 De
1070 1386 1125 1446 hac
1155 1387 1246 1462 igitur
1269 1387 1482 1462 significatione

317 1489 543 1568 haudquaquam
581 1495 679 1566 potest
715 1487 855 1548 dubitari.
905 1487 999 1546 Porro
1038 1487 1261 1548 concedendum
1293 1494 1353 1556 est,
1389 1487 1482 1547 rerbo

317 1588 465 1667 πρήςςειν
488 1593 519 1650 iu
542 1590 619 1650 hano
642 1590 819 1648 sententiam
835 1596 958 1665 accepto
981 1589 1135 1650 commode
1153 1588 1295 1666 explicari
1318 1606 1377 1648 non
1394 1589 1481 1648 modo

318 1711 370 1752 eos
399 1707 475 1771 quos
506 1692 704 1751 Buttmannus
726 1689 823 1750 attuiit
845 1707 949 1749 versus
971 1687 999 1749 Ξ
1021 1686 1084 1750 282
1107 1687 1209 1768 ῥίμφα
1231 1689 1408 1766 πρῆςςοντε
1430 1688 1482 1752 κέ-

318 1792 435 1855 λευθον
460 1799 490 1852 et
512 1795 529 1870 β
551 1789 614 1852 213
637 1789 669 1853 οἵ
691 1789 726 1852 κέ
748 1808 802 1868 μοι
824 1787 902 1853 ἔνθα
924 1789 975 1852 καὶ
997 1788 1076 1853 ἔνθα
1090 1790 1303 1867 διαπρήςςωςι
1317 1789 1482 1871 κέλευθον,

318 1911 421 1954 verum
446 1896 534 1953 etiam
559 1895 576 1970 β
597 1888 660 1953 429
682 1890 702 1967 ἡ
725 1891 758 1982 δ’
788 1891 861 1966 (scii.
884 1894 971 1970 νηῦς)
1000 1889 1089 1954 ἔθεεν
1118 1890 1198 1954 κατὰ
1224 1895 1305 1968 κῦμα
1333 1889 1483 1969 διαπρής-

318 2013 415 2057 ςουςα
435 1993 605 2073 κέλευθον,
628 1994 730 2072 hymn.
754 1994 844 2053 Mero.
867 1989 931 2053 200
958 1990 988 2055 εἴ
1009 2012 1073 2055 που
1096 1991 1233 2055 ὄπωπας
1255 1989 1355 2069 ἀνέρα
1377 1991 1483 2054 ταῖςδ’

319 2094 371 2156 ἐπὶ
393 2094 483 2173 βουςῖ
504 2092 737 2171 διαπρήςςοντα
752 2093 905 2156 κέλευθον
911 2141 921 2173 ,
943 2092 1047 2155 tuot
1072 2090 1172 2171 ὑψός’
1194 2091 1358 2170 ἀειρὲςθην
1382 2091 1483 2172 ῥίμφα

318 2195 492 2274 πρήςςοντε
519 2194 672 2258 κέλευθον
680 2243 690 2275 ,
718 2214 737 2258 ν
761 2192 801 2256 83
830 2192 929 2271 ὑψός’
966 2193 1147 2271 ἀειρόμενοι
1183 2192 1283 2272 ῥίμφα
1310 2195 1483 2272 πρήςςουςι

318 2297 490 2372 κέλευθον,
512 2297 613 2376 hymn.
637 2297 731 2374 Apoll.
754 2293 816 2356 421
845 2293 865 2371 ἡ
894 2295 930 2358 δὲ
962 2295 1033 2372 (scit.
1057 2298 1143 2373 νηῦς)
1173 2295 1353 2373 πρήςςουςα
1374 2295 1483 2358 κέλευ-

318 2403 393 2480 θον,
417 2399 516 2478 hymn.
541 2398 613 2457 Ven.
628 2393 669 2457 67
692 2400 778 2460 θοῶς
800 2395 981 2474 πρήςςοοεα
1003 2396 1172 2469 κέλευθον,
1197 2398 1297 2476 hymn.
1313 2398 1402 2458 Mero.
1419 2395 1483 2459 203

317 2499 435 2563 πολλοὶ
456 2499 517 2575 γὰρ
541 2496 620 2561 ὁδὸν
643 2498 833 2574 πρήςςοοςιν
856 2496 976 2578 ὁδῖται,
999 2495 1025 2560 Ω
1047 2495 1111 2560 264
1133 2508 1162 2559 et
1185 2517 1203 2560 o
1225 2495 1288 2559 219
1309 2497 1364 2562 ἵνα
1385 2497 1482 2577 πρής-

318 2619 421 2678 ςωμεν
445 2598 555 2679 ὁδοῖο,
578 2619 598 2674 γ
620 2597 682 2660 416
703 2597 757 2662 ἵνα
779 2599 948 2681 πρήςςῃςιν
977 2598 1090 2677 ὁδοῖο,
1121 2618 1139 2661 o
1161 2597 1202 2661 47
1226 2597 1316 2679 ὄφρα
1337 2599 1481 2677 πρήςςω-

317 2720 374 2779 μεν
397 2700 505 2779 ὁδοῖο,
530 2721 617 2781 quern
642 2704 809 2780 genetivum
833 2710 956 2781 propter
978 2703 1055 2762 hanc
1078 2703 1173 2780 ipsam
1190 2701 1273 2761 verbi
1289 2703 1346 2761 vim
1370 2720 1404 2762 ac
1426 2720 1479 2780 po·

317 2812 455 2865 testatem
477 2821 531 2882 pro
553 2805 691 2881 partitive
714 2803 882 2864 habendum
906 2821 971 2864 esse
993 2810 1091 2864 statuo
1114 2821 1181 2863 cum
1197 2803 1375 2863 Doederlino
1390 2803 1480 2881 gloss.

317 2907 394 2984 Hp.
419 2902 479 2967 133
502 2914 532 2966 et
555 2904 786 2982 Naegelsbaohio
809 2905 909 2965 adnot.
934 2905 969 2965 ad
992 2905 1113 2965 iliadem
1142 2904 1161 2965 Γ
1186 2901 1225 2964 15
1249 2904 1287 2981 (p.
1311 2901 1400 2983 340),
1429 2904 1482 2966 ubi

319 3007 541 3068 Autenriethius
568 3006 655 3066 simui
679 3006 817 3066 indicavit
845 3025 897 3066 eos
918 3006 1054 3066 homines
1077 3005 1195 3074 doctos
1224 3008 1274 3084 qui
1301 3007 1387 3067 aliter
1415 3025 1482 3068 sen·

319 3111 404 3168 tiunt.
428 3108 508 3169 Haec
531 3116 628 3168 autern
650 3108 720 3187 quid
745 3108 842 3168 valent
870 3108 906 3168 ad
934 3107 1115 3167 locutionem
1145 3104 1207 3169 ἅλα
1234 3105 1398 3185 πρήςςεινῖ
1435 3108 1483 3170 liii

319 3210 400 3270 enim
421 3228 525 3270 versus
547 3210 656 3270 diversi
679 3216 749 3270 sunt
771 3219 800 3269 et
816 3208 910 3286 probe
933 3209 1108 3286 seiungendi
1133 3208 1169 3268 ab
1186 3227 1238 3277 eo,
1263 3208 1299 3268 de
1322 3228 1380 3289 quo
1402 3229 1482 3272 nunc

320 3312 445 3388 agimus.
489 3310 548 3370 iilis
571 3310 691 3390 quidem
713 3312 742 3370 in
766 3309 902 3371 versibus
932 3329 948 3370 a
971 3308 1063 3370 verbo
1090 3309 1240 3387 πρήςςειν
1270 3311 1401 3388 pendent
1428 3331 1482 3374 no·

319 3413 397 3474 mina
419 3411 569 3475 κέλεοθος
592 3418 621 3472 et
643 3409 736 3492 ὁδός,
759 3430 834 3492 quae
850 3430 909 3471 non
931 3419 1046 3472 tanturn
1068 3412 1139 3481 iter,
1164 3411 1215 3472 sed
1231 3413 1320 3474 etiam
1335 3415 1481 3475 actionem

319 3516 379 3576 sivo
413 3513 502 3574 eundi
530 3515 591 3574 sive
621 3514 776 3591 navigandi
807 3514 953 3582 indicant,
987 3531 1043 3574 nec
1077 3513 1227 3574 dissimilis
1259 3522 1305 3574 est
1337 3533 1362 3574 v.
1388 3513 1395 3575 Ι
1419 3512 1482 3576 326

317 3614 446 3693 ἤματα
480 3614 513 3677 δ’
540 3612 731 3694 αἱματόεντα
759 3613 946 3692 διέπρηςςον
979 3613 1177 3691 πολεμίζωνε
1215 3615 1273 3675 tate
1301 3615 1380 3675 enim
1413 3617 1480 3687 iter,

320 3717 385 3778 talis
407 3719 497 3786 actio,
531 3718 590 3778 tale
612 3719 755 3794 temporis
778 3718 903 3794 spatium
936 3719 1041 3794 pertici
1074 3717 1133 3776 sive
1167 3715 1202 3776 ad
1236 3718 1324 3778 finem
1357 3717 1482 3794 perduci

318 3825 428 3896 potest,
452 3824 483 3878 at
504 3815 566 3879 ἅλα
588 3817 737 3894 πρήςςειν
759 3820 779 3877 i.
803 3837 828 3877 e.
852 3836 937 3878 more
959 3822 1110 3896 perficere
1142 3819 1209 3897 quis
1237 3829 1283 3878 est
1314 3820 1366 3897 qui
1393 3820 1480 3880 intel·

318 3920 415 3998 legati
438 3918 542 3979 Nonne
564 3919 621 3978 noo
644 3936 737 3998 aeque
761 3919 920 3979 absurdum
944 3928 1098 3998 astatque
1122 3920 1184 3996 ipse
1208 3919 1406 3980 Buttmannus
1428 3919 1481 3981 ab·

318 4021 440 4083 surdum
464 4038 528 4081 esse
552 4020 639 4090 dixit,
664 4022 689 4080 si
712 4022 780 4100 quis
801 4019 888 4081 vellet
910 4022 1119 4100 interpretari:
1142 4020 1244 4100 ‘atque
1265 4023 1324 4080 iarn
1347 4020 1393 4081 bis
1415 4029 1482 4082 tan-

318 4131 396 4193 tuns,
419 4139 504 4183 more
522 4121 690 4194 foetentem
714 4121 901 4183 aberamus’t
923 4123 985 4183 Vna
1008 4124 1158 4182 succurrit
1180 4124 1398 4197 interpretatio,
1422 4141 1480 4202 qua

318 4228 343 4286 si
371 4227 440 4305 quis
468 4223 553 4284 verbi
580 4241 666 4283 causa
689 4224 815 4283 Pontum
843 4222 990 4284 Euxinum
1019 4223 1217 4301 ‘perfecisse’
1249 4222 1381 4292 dicatur,
1412 4243 1480 4286 eum

318 4327 375 4388 hoc
396 4328 505 4387 fretum
526 4324 681 4404 reliquisse
705 4333 734 4385 et
756 4327 786 4385 in
809 4324 1021 4403 Propontidem
1044 4325 1090 4385 vei
1112 4327 1203 4385 etiam
1225 4343 1306 4385 mare
1328 4326 1481 4404 Aegaeum
