3340 5164
837 367 986 464 Q-

331 559 450 627 insunt,
481 575 555 637 quae
584 557 707 618 Homeri
736 574 793 618 non
823 557 911 617 modo
940 557 1058 636 legendi
1087 558 1286 637 diligentiam,
1321 558 1372 618 sed
1402 559 1492 618 etiam

330 659 466 720 imitandi
490 660 620 720 studium
644 666 783 721 testatum
805 660 924 720 iaciant.

415 761 589 822 Dialecto
622 762 742 840 quidem
770 760 904 820 Rhianus
931 778 990 822 non
1018 762 1135 839 integra
1163 779 1218 822 neo
1246 764 1393 822 constanti
1422 779 1493 822 usus

331 871 377 924 est
399 865 500 943 epioa,
529 880 597 924 oum
620 861 737 941 saepius
766 862 885 923 doricas
913 862 1024 922 formas
1051 864 1179 923 orationi
1206 863 1410 933 inmisouerit,
1441 863 1492 923 sed

330 960 519 1026 Homericam
541 966 671 1044 speeiem
694 971 724 1024 et
746 965 893 1041 originem
915 964 1002 1025 iaeiie
1019 963 1239 1025 animadvertes
1260 966 1291 1024 in
1312 965 1420 1025 horum
1443 983 1492 1024 νο-

331 1066 503 1128 cabulorum
527 1067 648 1126 formis:
671 1062 783 1128 τόςςον
799 1112 806 1126 .
822 1112 829 1127 .
845 1062 940 1128 ὅςςον
962 1061 996 1134 2,
1021 1061 1056 1134 3,
1086 1063 1121 1128 έν
1151 1062 1232 1142 εἴαρι
1256 1064 1311 1135 11,
1335 1063 1370 1137 3,
1394 1062 1494 1129 άνθεα

332 1165 454 1245 εἰαρινά
475 1163 513 1236 2,
536 1164 572 1236 4,
596 1169 717 1242 ςτεινῆς
737 1162 773 1236 4,
795 1162 830 1236 2,
853 1163 1000 1243 τρηχείην
1018 1164 1072 1236 11,
1098 1165 1130 1236 1,
1154 1162 1250 1229 ἆςςον
1264 1162 1300 1237 4,
1323 1163 1360 1236 5,
1383 1165 1494 1243 τηλόθι

330 1269 420 1338 ibid..
454 1267 592 1332 πολλάκι
620 1265 655 1338 8,
685 1265 720 1339 2;
753 1285 809 1328 neo
837 1269 936 1328 minus
965 1270 996 1328 in
1025 1268 1259 1328 declinationum
1293 1268 1397 1330 formis
1429 1269 1492 1330 his:

330 1368 564 1447 Ἀςκληπιάδεω
594 1366 628 1439 9,
659 1367 691 1438 i,
719 1365 881 1431 Λεπτίνεω
904 1365 939 1438 3,
965 1366 999 1448 7,
1029 1371 1084 1450 θεῇ
1113 1365 1148 1438 8,
1170 1365 1205 1438 5,
1237 1365 1384 1450 ροδέηςιν
1404 1367 1440 1442 4,
1464 1367 1493 1440 3,

331 1470 521 1550 ἀτραπιτοῖο
535 1468 567 1541 4,
593 1469 619 1541 1,
642 1469 782 1547 χέρεςςιν
803 1467 834 1540 4,
855 1467 876 1531 3
899 1477 928 1531 et
950 1467 1082 1547 χείρεςςι
1097 1467 1127 1539 6,
1150 1467 1180 1540 3,
1204 1467 1276 1532 κατ’
1298 1468 1373 1548 ἐμεῦ
1390 1469 1438 1540 11,
1457 1469 1492 1544 1;

331 1574 415 1634 et'in
438 1572 595 1633 verborum
618 1574 724 1633 formis
745 1573 844 1648 χεῦαν
868 1570 901 1641 1,
927 1572 959 1640 1,
984 1569 1141 1649 χευαμένη
1164 1568 1194 1640 8,
1216 1566 1237 1630 2
1261 1572 1325 1650 (eir.
1350 1570 1371 1635 C
1392 1568 1443 1632 24.
1468 1591 1494 1634 ω

331 1671 419 1752 317),
442 1672 541 1737 κιόντι
562 1670 593 1744 4,
620 1673 647 1744 1,
671 1675 765 1749 θῆκεν
789 1669 824 1743 8,
847 1670 882 1742 5,
912 1670 1039 1750 μόλοιτε
1061 1669 1098 1742 3,
1123 1670 1177 1742 11,
1201 1669 1395 1751 ἀμφιτέθηλε
1416 1671 1451 1743 3,
1475 1670 1495 1734 6

334 1775 381 1854 (de
410 1794 469 1856 quo
497 1775 589 1836 verbo
617 1777 781 1852 composito
809 1775 864 1834 είς.
896 1772 1074 1834 adiectivum
1100 1772 1289 1836 Homericum
1317 1771 1496 1854 ἀμφιθαλής

334 1875 359 1940 Χ
380 1874 471 1956 496),
496 1875 558 1939 {cci
583 1874 609 1945 1,
633 1874 662 1937 3.
686 1875 718 1956 4,
741 1874 772 1936 4.
816 1876 859 1936 Hx
881 1874 1243 1955 praepositionibus
1264 1875 1355 1936 affero
1376 1873 1451 1938 ποτί
1465 1873 1495 1946 3,

333 1974 363 2038 3.
386 1975 418 2046 4,
440 1974 460 2038 3
484 1985 513 2039 et
541 1975 622 2039 κατά
649 1996 703 2057 per
733 1977 839 2037 tmesin
867 1996 883 2037 a
907 1975 997 2036 verbo
1025 1973 1091 2052 χέω
1120 1984 1288 2056 separatum
1313 1975 1345 2047 1,
1371 1974 1387 2037 1
1417 1975 1496 2040 κατὰ

332 2077 451 2152 γλυκὺν
480 2080 578 2154 χεῦαν
612 2076 738 2159 ἔλαιον,
772 2078 850 2158 quod
883 2078 970 2157 piane
997 2077 1157 2137 Homerico
1190 2095 1273 2138 more
1302 2079 1413 2139 dictum
1442 2071 1496 2147 est,

334 2197 512 2260 quamquam
535 2177 565 2242 Ψ
588 2175 651 2240 282
673 2176 773 2257 ὑγρόν
796 2177 906 2242 ἔλαιον
929 2177 1070 2256 χαιτάων
1092 2177 1242 2255 κατέχευε
1264 2182 1368 2241 tmesis
1389 2182 1497 2240 omissa

335 2289 389 2342 est.
433 2281 718 2343 Particularum
746 2281 959 2343 abundantiam
986 2280 1062 2340 hanc
1084 2278 1104 2358 ἢ
1127 2277 1168 2357 ῥά
1195 2277 1235 2343 νύ
1257 2297 1307 2342 τοι
1328 2277 1363 2349 4,
1389 2280 1405 2341 1
1429 2299 1497 2341 ean·

335 2382 403 2443 dem
424 2383 489 2443 iere
512 2381 692 2473 tegimus'ivt
717 2378 778 2442 162
799 2380 864 2444 Ζεῦ
891 2379 1012 2463 πάτερ,
1039 2379 1060 2458 ἦ
1083 2379 1124 2458 ῥά
1146 2400 1185 2443 νυ
1207 2379 1258 2443 καὶ
1280 2381 1316 2444 ςῦ
1339 2383 1498 2460 φιλοψευ-

336 2483 392 2561 δίης
414 2481 556 2563 ἐτέτυξο,
582 2490 611 2544 et
633 2480 653 2545 ά
676 2481 772 2561 φίλος
792 2480 828 2552 4,
853 2480 873 2544 6
901 2484 1021 2544 ductum
1051 2490 1097 2545 est
1125 2501 1160 2544 ex
1184 2483 1343 2544 Homerico
1371 2479 1392 2546 ἆ
1414 2481 1498 2546 δειλέ

336 2583 361 2648 Λ
382 2582 455 2644 441.
479 2580 556 2654 452,
579 2582 612 2646 Π
634 2581 696 2646 837
721 2585 758 2645 al.

273 2751 279 2760 x
420 2685 603 2746 vocabula
627 2704 716 2765 porro
739 2705 775 2747 ex
791 2685 921 2747 Homero
937 2685 1102 2765 desumpsit
1116 2686 1205 2747 haee:
1229 2683 1387 2763 ἀτρεκέα(
1403 2684 1452 2757 10,
1468 2681 1498 2756 2,

337 2785 481 2851 ὑςτάτιος
502 2784 539 2856 2,
562 2785 598 2857 2,
623 2785 757 2865 ἀμογητί
781 2784 814 2857 6,
838 2785 858 2849 3
882 2787 946 2867 (cir.
970 2785 996 2850 Λ
1018 2784 1106 2868 637),
1137 2783 1309 2864 ἀτραπιτός
1331 2785 1366 2859 4,
1392 2788 1408 2848 1
1434 2785 1498 2866 (eir.

335 2908 355 2952 ν
379 2885 466 2968 195),
489 2886 635 2966 γωρυτός
658 2887 690 2958 7,
713 2887 734 2950 3
758 2888 822 2966 (cir.
845 2908 871 2967 φ
892 2885 962 2967 54),
986 2887 1150 2966 πλόκαμοι
1173 2885 1202 2958 8,
1225 2885 1246 2948 2
1276 2886 1342 2968 (eir.
1366 2887 1394 2951 Ξ
1419 2887 1499 2969 176),

337 2988 543 3066 άναςτενάχω
565 2988 602 3061 5,
625 2988 645 3052 3
668 2993 732 3068 (eir.
749 2987 884 3070 9211),
907 2988 1037 3053 κνιῦςςω
1056 2986 1125 3059 1,2
1149 2991 1213 3070 (cir.
1232 2985 1348 3069 o809),
1365 2989 1500 3069 πέμπειν

337 3111 392 3172 pro
416 3088 619 3170 ἀποπέμπειν
642 3090 677 3162 7,
701 3088 721 3152 6
745 3091 807 3170 (cir.
832 3109 851 3152 ο
874 3088 925 3152 74.
948 3087 975 3152 Ω
996 3087 1075 3161 430,
1105 3108 1179 3170 ηοω
1202 3091 1284 3153 locos
1305 3093 1362 3153 iam
1386 3092 1501 3154 Saalius

338 3211 368 3272 p.
392 3191 433 3254 83
455 3193 619 3273 indicavit).
657 3190 824 3273 οὐράνιος,
848 3193 926 3272 quod
949 3193 1050 3272 hymn.
1074 3193 1140 3253 Cer.
1162 3189 1205 3255 55
1226 3196 1349 3274 proprie
1371 3196 1500 3274 positum

339 3304 399 3355 est:
422 3292 469 3356 τίς
491 3296 576 3357 θειῦν
599 3291 781 3371 οὐρανίων,
803 3295 944 3355 translate
967 3294 1004 3356 de
1026 3302 1179 3356 venustate
1203 3297 1371 3374 usurpavit:
1406 3292 1501 3372 οὐρα-

339 3394 390 3473 νίη
412 3392 503 3472 χάρις
526 3392 561 3464 3,
584 3391 619 3465 6;
643 3392 828 3474 ἀκηράςιος,
853 3396 931 3476 quod
955 3416 965 3458 ι
987 3392 1050 3458 205
1070 3394 1178 3483 ἡδύν,
1198 3393 1387 3478 ἀκηράςιον,
1414 3397 1501 3459 θεῖον

338 3496 442 3560 ποτόν
472 3496 508 3558 de
536 3497 621 3567 vino,
652 3496 753 3576 hymn.
786 3496 877 3557 Hero.
907 3493 948 3557 72
981 3495 1166 3575 βοςκόμεναι
1199 3499 1356 3574 λειμῶνας
1386 3496 1501 3575 ἀκηρα-

339 3598 425 3662 ςίους
452 3600 489 3660 de
517 3601 612 3679 pratis
639 3598 767 3677 dieitur,
801 3616 857 3677 per
884 3599 1099 3679 metaphoram
1115 3599 1247 3661 traduxit
1274 3600 1310 3660 ad
1338 3602 1502 3660 iuventutis

339 3701 442 3760 florem
465 3698 500 3769 3,
522 3697 544 3761 4
570 3700 671 3775 γυίων
693 3697 791 3764 ἄνθος
819 3696 1006 3781 άκηράςιον,
1034 3708 1064 3761 et
1085 3701 1142 3763 hoo
1165 3705 1261 3783 ipsum
1282 3698 1382 3776 γυίων
1404 3698 1503 3763 ἄνθος

341 3802 455 3862 dietum
483 3809 530 3861 est
557 3801 591 3861 ad
622 3801 848 3863 similitudinem
871 3801 1022 3863 Homerici
1051 3799 1129 3879 ἥβης
1157 3800 1255 3866 ἄνθος
1279 3801 1304 3864 Ν
1327 3798 1400 3863 484.
1445 3797 1499 3865 ἄν·

340 3906 398 3965 θεα
418 3899 541 3980 εἰαρινά
559 3897 594 3972 2,
617 3900 639 3961 4
660 3904 838 3980 reperimus.
855 3903 945 3964 etiam
968 3902 991 3964 Β
1015 3899 1070 3973 89,
1094 3911 1124 3964 et
1144 3903 1196 3966 ταὶ
1218 3902 1347 3980 λιπαραὶ
1371 3901 1503 3980 Χάριτες

340 4003 377 4075 4,
399 4001 420 4065 2
443 4006 591 4082 originem
615 4003 725 4065 ducere
741 4003 859 4065 videtur
881 4023 917 4064 ex
941 4002 963 4066 (
984 4000 1047 4066 382
1076 4003 1172 4081 Χάρις
1195 4005 1502 4084 λιπαροκρήδεμνος·

341 4125 466 4188 prorsus
489 4123 559 4166 vero
581 4105 710 4165 Homero
733 4105 859 4166 debetur
882 4101 984 4183 ἀγαθὴ
1006 4101 1231 4184 κουροτρόφος
1253 4102 1282 4181 2,
1309 4106 1325 4166 1
1350 4107 1386 4168 de
1410 4106 1502 4167 Troe-

343 4228 415 4270 zene
437 4208 565 4277 dictum,
590 4207 643 4267 cir.
668 4224 678 4268 1
699 4203 755 4277 27;
784 4207 873 4266 etiam
902 4204 1148 4286 θαλαμηπόλος,
1177 4226 1235 4287 qua
1258 4226 1328 4268 vooe
1351 4205 1386 4278 8,
1417 4208 1433 4268 1
1458 4227 1503 4268 sa·

343 4309 493 4371 oerdotem
525 4307 649 4390 Cybeles
678 4307 837 4387 signifieat,
867 4310 988 4388 repetiit
1016 4327 1052 4369 er
1080 4328 1099 4386 η
1122 4305 1150 4369 8.
1183 4327 1208 4385 ψ
1231 4304 1309 4378 293,
1337 4308 1387 4369 ubi
1415 4327 1504 4370 sensu
