3340 5164
831 374 952 469 A

322 567 495 626 testimonie
521 560 643 634 Ρ646,
679 564 729 625 ubi
753 565 825 626 Aiax
848 564 945 624 lovem
968 564 1131 644 implorans
1152 572 1307 644 precatur:
1341 562 1406 628 Ζεῦ
1427 563 1490 628 πά-

321 685 393 747 τερ,
416 663 500 730 otto
523 664 559 730 cd
582 663 672 744 ῥῡκαι
686 664 749 730 ὑπ’
770 663 866 742 ἠέρα(
889 661 960 730 υἷαε
980 662 1133 746 Ἀχαιῶν,
1154 663 1291 742 ποίηεον
1306 664 1340 728 δ’
1362 661 1488 746 αἴθρην,

323 767 380 832 ode
402 765 615 847 ὀφθαλμοῖςιν
638 764 769 831 ἰδέεθαι·
798 765 833 830 ἐν
856 765 892 830 δὲ
914 764 990 846 φάει
1012 767 1063 830 καὶ
1084 763 1217 831 ὄλεεεον
1240 775 1298 830 cet.
1322 767 1395 828 Nam
1419 787 1488 830 curn

322 869 465 930 hocloco
494 867 587 947 αἴθρη
615 887 811 950 synonymum
839 871 878 929 sit
903 871 984 930 vocis
1010 867 1111 951 φάοε,
1141 872 1324 932 contrarium
1350 869 1490 948 caliginis

323 971 368 1032 vel
390 971 598 1040 tenebrarum,
623 971 731 1048 quihus
752 971 931 1032 Achivorum
954 971 1030 1032 oculi
1045 978 1256 1041 occaecantur,
1280 990 1339 1032 non
1362 971 1488 1032 dubium

324 1081 369 1134 est
402 1075 475 1153 quin
504 1072 695 1153 splendorem
723 1072 837 1134 indicet
859 1090 927 1132 eum
959 1075 1011 1152 qui
1045 1070 1171 1150 αἰθέροε
1200 1075 1342 1153 proprius
1375 1079 1421 1134 est
1442 1073 1489 1132 vel

325 1174 362 1236 ab
378 1175 499 1236 aethere
515 1176 731 1253 proficiscitur,
755 1181 785 1234 et
805 1175 885 1234 idem
902 1174 996 1234 valent
1017 1191 1051 1234 ac
1074 1177 1099 1234 si
1115 1175 1188 1234 Aiax
1199 1173 1298 1234 lovem
1321 1182 1422 1252 roget:
1439 1175 1488 1236 lac

323 1283 356 1339 ut
378 1273 438 1340 ὑπ’
460 1272 561 1352 αἰθέρι
584 1294 751 1356 pugnemus
779 1273 813 1354 (Ρ
834 1271 917 1352 371).
962 1269 1020 1336 Sed
1051 1275 1174 1336 alterum
1198 1294 1323 1358 ¹versum
1345 1275 1489 1336 Lehrsius

323 1397 381 1438 non
405 1379 558 1448 tractavit,
588 1379 639 1456 qui
669 1376 820 1438 difficilior
848 1383 895 1437 est
922 1377 958 1436 ad
986 1377 1262 1455 interpretandum:
1293 1377 1329 1436 de
1358 1376 1489 1438 Planctis

323 1481 404 1539 enim
426 1479 554 1556 legimus
576 1497 597 1554 μ
621 1474 661 1540 75
684 1475 716 1540 οἱ
738 1477 775 1540 δὲ
797 1476 865 1540 δύω
892 1475 1057 1542 (κόπελον
1087 1475 1106 1540 ὁ
1136 1476 1193 1552 μὲν
1221 1475 1395 1555 οὐρανὸν
1424 1475 1489 1540 εὐ-

323 1578 396 1657 ρὺν
418 1577 517 1644 ἱκάνει
545 1576 630 1660 ὀξείῃ
652 1581 796 1660 κορυφῇ,
826 1577 948 1658 νεφέλη
975 1577 1011 1643 δέ
1041 1596 1092 1655 μιν
1114 1576 1326 1658 ἀμφιβέβηκεν
1353 1577 1489 1655 κυανέη·

323 1680 361 1746 τὸ
384 1681 442 1759 μὲν
464 1678 506 1744 οὔ
527 1673 603 1744 ποτ’
633 1678 742 1760 ἐρωεῖ,
766 1678 946 1745 οὐδέποτ’
974 1677 1087 1758 αἴθρη
1114 1678 1221 1744 κείνου
1249 1677 1314 1757 ἔχει
1340 1679 1489 1759 κορυφὴν

323 1780 397 1847 οὔτ’
419 1780 455 1846 ἐν
477 1780 565 1861 θέρει
586 1779 659 1845 οὔτ’
680 1779 716 1845 ἐν
738 1779 860 1864 ὀπώρη.
896 1782 952 1844 Hic
975 1800 1042 1843 cum
1065 1785 1150 1862 rupis
1171 1800 1314 1844 cacumen
1336 1784 1366 1842 in
1388 1783 1487 1861 ipsum

322 1882 465 1960 οὐρανόν
488 1891 647 1965 penetrare
670 1885 802 1954 dicatur,
825 1886 891 1946 lieri
914 1902 973 1944 non
996 1891 1094 1963 potest
1121 1885 1193 1964 quin
1216 1884 1338 1945 aethere
1361 1882 1488 1964 eiusque

323 1985 482 2065 splendore
515 1985 546 2046 h.
571 2005 597 2046 e.
631 1982 725 2068 αἴθρη
758 1984 1028 2046 circumfundatur:
1064 2003 1136 2063 ergo
1164 1987 1223 2046 nisi
1254 1987 1486 2065 repugnantiam

321 2086 540 2149 intolerabilem
563 2090 594 2148 in
618 2087 666 2148 his
693 2086 830 2148 versibus
858 2089 956 2148 inesse
979 2087 1127 2156 volumus,
1156 2087 1345 2148 statuendum
1368 2094 1413 2148 cst
1435 2093 1489 2147 aut

322 2207 465 2251 cacumen
488 2189 646 2268 splendere
669 2186 790 2267 quidem
813 2190 974 2251 serenitate
1004 2188 1153 2258 aetheria,
1181 2189 1233 2249 sed
1261 2207 1333 2267 prae
1356 2186 1489 2249 nubibus

322 2293 491 2370 perpetuis,
521 2289 630 2369 quibus
651 2290 748 2350 media
771 2307 862 2369 rupes
884 2289 955 2369 (μιν)
983 2288 1120 2351 obvoluta
1148 2297 1301 2359 teneatur,
1330 2288 1368 2350 ab
1389 2289 1487 2350 homi-

323 2390 413 2452 nibus
434 2408 585 2470 nunquam
608 2409 695 2470 posse
723 2393 871 2470 conspici,
900 2399 951 2452 aut
978 2391 1069 2452 verba
1098 2387 1239 2468 coaevae
1268 2387 1366 2468 εὐρὺν
1386 2386 1488 2453 ἱκάνει

323 2496 450 2573 κορυφῇ
473 2491 515 2552 sio
537 2492 737 2570 intellegenda
760 2510 842 2561 esse,
866 2499 899 2553 ut
920 2510 1063 2553 cacumen
1091 2510 1150 2552 non
1172 2491 1249 2553 ultra
1271 2491 1367 2553 nubes
1389 2494 1487 2571 ipsum

323 2589 466 2670 οὐρανόν
489 2601 626 2670 tangere,
650 2593 701 2654 sed
718 2611 811 2673 usque
834 2593 870 2652 ad
894 2594 1053 2655 conlinium
1077 2593 1149 2655 illud
1165 2593 1290 2653 nubium
1312 2601 1343 2654 ct
1357 2593 1489 2654 aetheris

322 2697 476 2774 pertinere
500 2695 627 2774 ideoque
650 2696 746 2772 ipsum
762 2693 895 2755 nubibus
909 2701 1082 2773 coopertum
1097 2700 1128 2755 et
1142 2692 1179 2754 ab
1194 2694 1349 2756 hominum
1364 2701 1487 2774 aspectu

321 2796 500 2859 occultatum
523 2814 589 2857 esse
610 2797 783 2874 cogitemus,

408 2898 451 2958 Ex
474 2898 523 2958 his
545 2899 639 2975 igitur
661 2897 801 2958 omnibus
822 2898 897 2958 haec
912 2898 1051 2958 videntur
1071 2903 1152 2958 recte
1175 2897 1326 2959 concludi:
1354 2900 1486 2978 primurn

323 2994 434 3076 αἰθέρα
466 3017 533 3060 esse
573 3004 642 3059 aera
683 2995 879 3068 altissimum,
918 3016 1072 3068 serenum,
1112 2999 1331 3079 splendentem,
1371 2995 1484 3075 αἴθρην

322 3099 412 3160 huius
434 3100 565 3161 aetheris
586 3101 778 3162 serenitatem
802 3108 832 3161 et
854 3100 1059 3180 splendorem
1087 3099 1195 3162 deinde
1218 3097 1331 3177 αἴθρην
1353 3107 1387 3161 ut
1407 3103 1485 3160 acci-

324 3199 396 3261 dens
418 3220 434 3261 a
457 3201 637 3270 substantia,
661 3204 705 3262 sic
727 3201 764 3262 ab
787 3202 908 3262 aethere
931 3203 1066 3282 separari
1089 3221 1149 3263 non
1170 3220 1274 3282 posse,
1306 3203 1358 3263 sed
1380 3220 1485 3262 neces-

322 3303 402 3362 sario
433 3319 501 3362 cum
529 3321 564 3364 eo
592 3305 779 3365 coniunctam
807 3321 887 3376 esse;
921 3304 1050 3383 denique
1078 3301 1189 3382 αἰθέρα
1215 3302 1303 3381 longo
1331 3303 1485 3366 intervallo

321 3403 351 3464 h.
376 3421 403 3464 e.
426 3402 557 3466 nubibus
579 3411 609 3464 et
631 3410 700 3466 aire
723 3406 891 3466 interiectis
919 3413 1037 3466 aterna
1066 3405 1226 3466 disclusam
1254 3424 1319 3465 esse
1348 3423 1403 3465 nec
1426 3403 1486 3466 ullo

201 3507 204 3515 '
323 3506 409 3567 modo
432 3523 495 3566 eam
519 3507 707 3584 contingere,
732 3503 844 3583 αἴθρην
867 3505 904 3568 ab
928 3507 1048 3568 aethere
1071 3508 1159 3584 longe
1182 3524 1321 3567 emanare
1344 3513 1375 3566 et
1396 3505 1484 3567 nubi-

322 3607 379 3668 hus
401 3606 553 3687 dissipatis
575 3616 606 3669 et
627 3609 713 3688 quasi
736 3609 810 3669 caeli
839 3610 935 3688 portis
962 3610 1075 3688 apertis
1101 3626 1195 3687 usque
1224 3607 1260 3668 ad
1283 3613 1393 3668 terram
1416 3625 1485 3685 per·

323 3709 419 3768 tinere
443 3715 472 3768 et
494 3728 543 3770 res
565 3717 725 3772 terrestres
753 3728 857 3770 serena
890 3709 955 3771 luce
979 3708 1161 3770 collustrare.
1207 3707 1286 3778 Quas
1314 3708 1353 3770 ob
1381 3728 1486 3770 causas

322 3809 474 3869 latendum
503 3818 563 3880 est,
598 3811 756 3871 lectionem
790 3808 882 3886 αἰθήρ
910 3817 1012 3871 nostro
1040 3811 1105 3871 loco
1133 3828 1193 3870 non
1221 3809 1297 3870 male
1325 3829 1340 3870 a
1370 3810 1486 3871 llhiano

322 3909 513 3970 substitutam
535 3929 616 3982 esse,
639 3911 778 3990 quoniam
801 3911 853 3971 ubi
876 3909 967 3988 αἰθήρ
990 3919 1052 3980 est,
1082 3913 1251 3972 necessario
1274 3913 1363 3972 etiam
1385 3912 1485 3989 splen-

321 4012 375 4072 dor
398 4013 463 4070 eius
484 4011 514 4070 h.
538 4031 565 4071 e.
588 4009 681 4088 αἴθρη
704 4029 769 4072 esse
792 4011 895 4083 debet,
925 4020 954 4073 et
975 4011 1053 4092 quod
1077 4012 1200 4073 deorum
1224 4012 1406 4073 domicilium
1429 4031 1486 4073 nec

321 4118 497 4192 tempestate
520 4113 636 4173 turbari
658 4132 713 4174 nec
736 4112 833 4174 imbre
856 4121 906 4175 aut
927 4115 995 4173 nive
1017 4116 1109 4192 rigari
1133 4115 1245 4174 dicitur
1268 4120 1298 4173 et
1319 4111 1411 4190 αἰθήρ
1433 4132 1484 4193 ap·

321 4212 449 4292 pellatur
472 4211 647 4292 ἀνέφελοε,
671 4215 701 4275 id
725 4216 834 4274 eximie
857 4216 996 4292 congruit
1018 4233 1085 4274 cum
1108 4216 1161 4284 iis,
1185 4233 1261 4294 quae
1285 4233 1373 4293 supra
1396 4234 1485 4295 expo·

323 4316 378 4375 sita
402 4325 483 4386 sunt;
513 4335 569 4379 nec
593 4335 662 4376 vero
685 4317 743 4397 ipsi
767 4316 891 4378 Lehrsio
914 4316 1022 4378 llhiani
1050 4315 1139 4377 lectio
1162 4335 1221 4376 non
1243 4315 1402 4394 probatur,
1433 4321 1485 4397 qui
