3340 5164
686 411 837 512 —l-a*

177 613 314 668 neutram
337 606 368 666 in
390 612 507 685 partem
530 613 613 666 certo
636 606 756 666 decerni
778 612 885 685 potest.
922 603 1053 676 Quarum
1076 603 1210 665 ordinem
1235 604 1344 666 ducant

177 728 246 780 eac,
270 727 344 788 quae
366 707 574 786 Aristophanis
596 708 730 788 Byzantii
752 725 874 768 assensu
896 706 1106 786 comprobatae
1130 714 1208 767 sunt.

261 808 286 871 A
308 806 372 871 553
395 805 479 871 οὔτ’
501 805 658 886 εἴρομαι
681 806 774 871 οὔτε
797 810 989 887 μεταλλῶ·
1013 805 1116 870 οὕτω(
1131 805 1163 869 αἱ
1184 805 1390 884 Ἀριετάρ-ΙΙ

177 930 238 989 χοιι
261 909 313 974 καὶ
333 909 352 986 ἡ
375 908 504 974 Ῥιανοῦ
526 909 577 972 καὶ
598 909 617 986 ἡ
640 908 904 989 Ἀριττοφάνουε·
926 909 978 973 καὶ
999 908 1083 973 ἕττιν
1097 908 1272 988 ἐμφατικόν
1294 909 1343 971 otc

180 1011 357 1091 λεγόμενον
380 1010 417 1074 τὸ
442 1010 540 1074 οὔτε.
564 1010 595 1074 οἱ
616 1011 799 1090 γράφοντες
823 1010 917 1075 οὐδὲ
940 1013 1118 1089 μεταλλῶ
1140 1013 1245 1074 κακῶς
1266 1010 1342 1088 γρά-

177 1133 302 1193 φουτιν.
324 1115 355 1175 A.
384 1147 428 1158 -
454 1110 553 1203 ἄμφω
582 1113 635 1176 διὰ
657 1115 715 1177 τοῦ
742 1134 776 1195 r,
797 1112 844 1177 'lv'
871 1113 890 1194 ᾗ
918 1111 1114 1191 ἐμφαντικὸν
1143 1112 1190 1175 bic
1213 1111 1342 1189 λεγόμε-

177 1234 246 1279 νον.
270 1214 322 1277 καὶ
344 1213 379 1278 ἐν
401 1219 439 1297 τῇ
463 1212 625 1295 ἀπολογίᾳ
654 1216 690 1277 δὲ
713 1214 868 1294 μέμφεται
892 1213 937 1277 dr(
959 1211 1009 1277 ἀεὶ
1031 1212 1210 1280 ἰδιάζοντα(
1232 1212 1340 1277 αὐτοῦ.

95 1363 98 1370 2
176 1315 252 1380 taor
274 1316 310 1378 δὲ
331 1316 473 1391 γυναιξὶν
496 1314 657 1393 ἀρνεῑεθαι
679 1314 727 1378 ὅτι
755 1316 835 1378 ποτὲ
857 1315 1112 1393 παρηνώχληταν
1134 1319 1203 1378 roi<
1225 1314 1341 1393 ἀνδρά-

178 1437 233 1481 ιιν.
267 1419 340 1478 BL.
377 1418 421 1478 Ex
443 1418 491 1478 his
512 1417 679 1479 luculenter
702 1427 839 1495 apparet,
869 1416 906 1477 ab
935 1418 1074 1478 omnibus
1101 1425 1169 1478 ante
1193 1418 1340 1478 Rhianum

177 1519 345 1580 editoribus
367 1519 516 1597 vulgatum
539 1538 604 1580 esse
628 1517 722 1581 οὐδὲ
745 1520 907 1600 μεταλλῶ,
937 1520 1118 1590 hanovere,
1143 1538 1211 1581 curn
1239 1523 1270 1579 in
1292 1519 1341 1579 illa

177 1619 392 1698 particularum
415 1618 491 1682 οὔτε
514 1629 544 1681 ct
566 1617 643 1682 οὐδέ
667 1621 808 1682 societate
831 1622 910 1682 haud
933 1624 1043 1682 iniuria
1067 1621 1247 1691 offenderet,
1271 1639 1340 1680 con·

178 1721 377 1784 sentientibus
399 1723 597 1800 Aristophane
626 1730 655 1783 et
677 1723 851 1784 Aristarcho
878 1741 943 1783 earn
972 1725 1142 1801 reposuisse
1171 1723 1339 1790 lectionem,

177 1843 266 1904 quarn
289 1827 473 1885 etiamnunc
502 1843 605 1884 omnes
634 1824 775 1884 exhibent
803 1825 960 1885 editiones.
989 1824 1049 1884 lam
1078 1825 1155 1902 apud
1178 1825 1340 1884 Homerum

177 1927 298 2004 quidem
322 1925 401 1986 nullo
423 1932 578 2004 practerea
607 1925 672 1985 loco
701 1925 756 1985 hae
779 1927 943 2002 particulae
972 1927 1014 1984 sic
1041 1927 1225 1986 consociatae
1254 1942 1340 2003 repe·

177 2029 295 2089 riuntur
317 2035 348 2088 et
369 2028 445 2105 apud
468 2035 586 2088 ceteros
608 2046 726 2106 quoque
741 2030 906 2106 scriptores
927 2034 1008 2088 tanta
1030 2036 1076 2088 est
1094 2028 1226 2106 paucitas
1241 2045 1340 2087 exem·

177 2131 294 2208 plorum
317 2130 374 2190 fide
401 2129 615 2206 praestantium
644 2129 780 2189 codicum
807 2130 1063 2198 confirmatorum,
1093 2138 1126 2190 ut
1152 2131 1260 2189 merito
1288 2129 1340 2188 du·

178 2231 267 2292 bitari
297 2233 406 2309 possit,
436 2249 508 2290 num
536 2248 659 2309 usquam
688 2239 755 2308 post
783 2227 858 2292 οὔτε
880 2230 973 2290 semel
994 2233 1123 2309 positum
1152 2231 1276 2291 inlatum
1304 2231 1341 2290 sit

178 2331 265 2401 οὐδέ,
295 2333 347 2392 sed
376 2333 400 2392 si
422 2349 562 2409 quaeras,
592 2333 643 2412 qui
670 2332 780 2393 lactum
810 2334 862 2403 sit,
893 2339 926 2391 ut
947 2333 1039 2393 ceteri
1063 2333 1192 2393 editores
1213 2340 1339 2402 veteres,

178 2453 252 2513 quos
273 2435 450 2495 insolentior
471 2433 546 2493 haec
569 2433 688 2493 dicendi
711 2436 788 2494 ratio
817 2434 904 2512 plane
927 2434 1039 2512 fugisse
1062 2435 1110 2494 vix
1132 2434 1261 2512 putanda
1284 2440 1339 2503 est,

177 2534 256 2599 οὐδέ
283 2544 399 2596 mutare
426 2554 486 2597 non
516 2535 675 2605 auderent,
709 2536 785 2596 nihil
812 2535 892 2595 aliud
919 2535 1035 2596 videtur
1063 2538 1094 2595 in
1123 2553 1212 2596 causa
1238 2536 1339 2611 luisse,

177 2657 265 2717 quarn
294 2639 374 2717 quod
401 2634 478 2699 οὐδέ
506 2639 775 2698 vetustissimorum
803 2635 949 2697 librorum
977 2640 1154 2698 auctoritate
1178 2637 1340 2698 nitebatur.

176 2740 259 2810 Quod
295 2742 321 2800 si
355 2746 524 2810 teneamus,
558 2739 644 2801 lacile
678 2742 708 2800 in
737 2747 851 2800 rectam
879 2738 1057 2800 emendandi
1085 2741 1163 2799 viam
1191 2725 1339 2801 ducimur.

176 2841 310 2901 Rhianus
333 2844 414 2902 enim
442 2843 665 2921 corruptionem
694 2841 872 2921 quaerebat,
902 2840 953 2901 ubi
980 2841 1151 2920 quaerenda
1179 2860 1237 2901 non
1266 2850 1338 2911 erat,
1364 2837 1367 2842 “

178 2941 441 3023 conuocatae,
470 2943 523 3004 sed
552 2941 640 3023 οὔτ’,
669 2943 748 3023 quod
776 2962 879 3004 omnes
908 2943 1039 3003 editores
1066 2951 1182 3003 veteres
1211 2945 1341 3022 antiquis

177 3046 334 3106 elementis
356 3045 467 3107 lonicis
496 3044 612 3122 decepti
641 3048 846 3117 retinuerunt,
876 3045 1082 3105 emendatione
1106 3051 1219 3122 egeret.
1265 3045 1340 3106 Nam

176 3147 348 3208 Pisistratca
372 3148 461 3207 editio
476 3147 554 3207 baud
571 3146 659 3207 dubie
682 3147 759 3209 banc
773 3146 939 3226 praebebat
953 3148 1133 3224 scripturam
1149 3145 1338 3209 ΟἙΕΡΟΜΑΙ

176 3250 206 3309 h.
230 3269 257 3309 e.
281 3246 321 3311 οὐ
344 3247 504 3328 Ρείρομαι,
527 3250 558 3308 in
580 3266 639 3328 qua
660 3249 795 3310 Rhianus
818 3268 885 3310 cum
900 3255 1024 3328 propter
1047 3250 1189 3328 digammi
1209 3251 1340 3310 inscien-
1402 3244 1405 3248 ’

176 3353 248 3411 tiam
269 3349 295 3412 Τ
316 3352 404 3430 proi
425 3351 563 3427 legisset,
587 3350 675 3410 aliter
697 3351 813 3428 litteras
829 3351 1001 3428 dispescere
1018 3370 1080 3413 non
1095 3358 1227 3429 poterat,
1252 3369 1339 3428 quarn

177 3456 217 3513 ita
239 3460 274 3513 ut
295 3449 368 3514 οὔτ’
390 3448 516 3528 εἴρομαι
537 3451 660 3529 legeret.
706 3451 769 3512 Hoc
797 3471 833 3513 ex
856 3471 975 3523 errore,
1007 3456 1038 3513 in
1066 3472 1155 3534 quern
1182 3461 1250 3533 post
1272 3471 1340 3513 eum

177 3557 267 3615 etiam
291 3553 503 3631 Aristophanes
526 3560 556 3613 et
577 3554 767 3614 Aristarchus
788 3554 975 3624 inciderunt,
1004 3563 1071 3615 nata
1100 3563 1145 3615 est
1168 3557 1341 3616 coniectura

178 3653 251 3718 οὔτ’
278 3652 402 3732 εἴρομαι
430 3651 504 3716 οὔτε
526 3655 688 3736 μεταλλῶ,
719 3657 754 3717 ad
783 3675 870 3734 quam
899 3656 1114 3716 defendendam
1142 3657 1339 3734 excogitatum

177 3767 223 3820 est
245 3764 452 3835 argumentum
479 3757 642 3834 speciosius
669 3757 741 3818 illud
771 3758 889 3837 quidem
918 3777 1006 3837 quarn
1033 3758 1149 3818 verius:
1177 3757 1229 3820 καὶ
1257 3755 1340 3822 ἔετιν

177 3857 353 3938 ἐμφατικὸν
377 3858 425 3922 bic
448 3858 625 3938 λεγόμενον
647 3857 685 3922 τὸ
709 3857 792 3922 οὔτε.
837 3859 919 3929 Quod
943 3868 1129 3941 quantopere
1145 3860 1289 3921 claudicet
1310 3869 1340 3920 et

178 3961 308 4030 vacillet,
333 3980 401 4021 eum
423 3961 527 4038 lugere
551 3981 610 4022 non
632 3965 757 4038 poterit,
787 3962 837 4040 qui
859 3964 890 4021 in
912 3969 1007 4023 totum
1030 3963 1119 4024 huius
1140 3963 1196 4023 loci
1218 3970 1339 4022 conter-

177 4071 239 4125 tum
262 4069 393 4124 mentem
414 4063 586 4124 intenderit.
632 4063 685 4123 Est
707 4065 788 4123 enim
810 4081 928 4133 versus,
952 4064 988 4124 de
1008 4083 1067 4143 quo
1090 4065 1285 4141 disputamus,
1308 4064 1338 4123 in

176 4164 378 4243 pulcherrima
401 4166 452 4226 illa
474 4166 645 4227 narratione
668 4165 847 4226 domesticae
871 4165 1074 4227 altercationis
1095 4167 1173 4226 inter
1188 4167 1288 4227 lovem
1311 4175 1340 4227 et

177 4267 322 4342 lunonem
344 4268 500 4346 coniugem
522 4276 651 4329 exortae.
690 4268 785 4347 Atque
808 4267 881 4328 luno
904 4276 1019 4347 patrem
1033 4269 1185 4329 hominum
1202 4269 1340 4328 deorum-

177 4389 235 4449 que
259 4370 482 4448 obiurgaverat,
507 4370 585 4449 quod
609 4370 791 4430 clandestina
820 4388 938 4447 semper
961 4370 1116 4430 moliretur
1139 4371 1262 4432 consilia
1285 4389 1340 4433 nec
