3340 5164
823 319 973 418 ,Ἓξ-

319 511 475 573 habilitate
498 510 686 572 concluditur
708 528 743 570 ex
767 508 878 570 scholio
900 510 936 570 ad
958 508 988 573 Ψ
1011 507 1066 581 81,
1091 511 1143 572 uhi
1166 510 1306 590 Didymus
1329 513 1485 578 lihiaueae

317 613 456 674 lectionis
492 619 600 673 testem
636 611 735 672 laudat
771 611 945 672 Clearchum
989 613 1136 692 quendam
1172 613 1430 694 glossographum.
1444 612 1484 696 ²⁰)

317 714 457 775 Scholion
481 720 578 774 autem
601 712 657 773 hoc
680 720 739 774 est:
763 709 1002 789 εὐηγενέων·
1032 711 1261 792 Ἀριετοφάνηε
1283 714 1335 777 καὶ
1356 713 1486 782 ‘Prende

316 812 569 895 εὐηφενέων,
597 810 634 878 εὗ
660 818 706 895 τῷ
734 810 848 896 ἀφένῳ
870 812 1063 896 χρωμένων,
1092 813 1138 878 dte
1162 813 1322 894 Κλέαρχος
1350 813 1386 882 ἐν
1412 819 1485 882 onie

317 915 482 992 γλώτταιε.
532 915 593 976 Iam
621 915 707 976 iaoile
742 917 887 994 quispiam
922 915 1099 986 crediderit,
1134 916 1269 978 Clearchi
1299 921 1484 982 mentionem

318 1036 379 1078 non
402 1017 438 1078 ad
466 1018 625 1078 lectionem
652 1016 746 1087 illam,
780 1016 832 1077 sed
865 1016 902 1076 ad
929 1017 1024 1077 solum
1051 1019 1367 1094 interpretamentum,
1402 1021 1481 1101 quod

198 1177 202 1185 ,
318 1117 466 1179 adiectum
490 1126 550 1193 est,
574 1119 742 1198 pertinere;
766 1127 796 1179 at
824 1134 878 1177 cur
893 1117 1049 1198 Didymus,
1073 1118 1162 1179 homo
1178 1135 1249 1180 suae
1272 1121 1378 1182 aetatis
1394 1121 1483 1200 longe

318 1219 556 1290 eruditissimus,
578 1221 609 1280 in
632 1219 687 1280 hac
709 1238 742 1279 re
766 1220 801 1280 ad
817 1219 951 1282 Clearchi
974 1219 1139 1280 doctriuam
1156 1221 1318 1299 coningere
1334 1222 1483 1293 debuerit,

320 1338 380 1380 non
403 1321 474 1381 satis
495 1321 694 1399 intellegitur,
722 1338 788 1381 cum
812 1320 950 1382 adiectivi
974 1317 1134 1400 εὐηφενήε
1157 1323 1242 1400 origo
1266 1330 1296 1382 et
1319 1325 1400 1384 notio
1423 1343 1485 1386 nou

320 1439 355 1481 ea
377 1420 428 1490 sit,
451 1438 526 1500 quae
549 1421 668 1482 dillioile
689 1422 901 1501 perspiciatur:
924 1422 1039 1483 accedit
1061 1422 1139 1501 quod
1162 1422 1239 1484 hane
1261 1442 1381 1493 vocem,
1405 1444 1484 1506 quae

320 1522 465 1583 solitaria.
482 1530 528 1583 est
550 1541 646 1602 neque
675 1522 751 1602 apud
780 1523 870 1583 alium
897 1525 1076 1600 scriptorem
1105 1522 1207 1594 obvia,
1238 1525 1355 1586 aliunde
1379 1527 1480 1588 Clear-

320 1624 393 1684 chus
414 1631 517 1702 petere
545 1625 592 1684 vis
620 1631 737 1701 poterat
764 1641 852 1704 quam
878 1643 915 1686 es
942 1624 1049 1685 Rhiani
1078 1625 1344 1706 Aristophanisque
1373 1627 1483 1690 editio·

320 1724 409 1786 nibus
444 1725 570 1805 ideoque
607 1725 685 1786 huno
721 1725 819 1786 locum
862 1727 928 1786 eius
963 1724 1079 1806 glossae
1115 1727 1229 1788 iontem
1266 1727 1394 1790 indicari
1431 1747 1484 1790 ne·

322 1843 406 1888 cesse
428 1835 509 1888 erat..

782 2017 1015 2025 ---.--.-ι

870 2202 933 2277 IV.

405 2385 465 2447 lam
488 2388 669 2467 disputaturi
692 2388 728 2448 de
751 2388 940 2450 subsidiis
962 2390 1160 2450 doctrinae
1184 2389 1409 2468 studiorumque
1433 2389 1483 2450 ad·

322 2488 486 2565 mimantis,
508 2489 616 2570 quihus
638 2492 669 2550 in
693 2508 783 2570 opera
806 2492 911 2551 critica
935 2489 1100 2551 exercenda
1122 2489 1255 2552 Rhianus
1278 2509 1349 2553 usus
1372 2493 1410 2552 sit
1433 2500 1483 2553 arnt

322 2597 404 2651 certe
427 2590 562 2652 videatur
584 2609 656 2652 usus
678 2610 760 2662 esse,
783 2599 896 2652 tantum
919 2592 1004 2653 abest
1025 2598 1058 2653 ut
1080 2593 1155 2653 certi
1184 2593 1343 2672 quicquam
1366 2593 1403 2652 de
1426 2593 1481 2652 hac

321 2709 355 2752 re
378 2692 518 2754 traditum
542 2693 815 2773 deprehendamus,
843 2701 876 2754 ut
899 2694 960 2754 sola
983 2695 1153 2754 coniectura
1177 2695 1307 2754 nitamur
1335 2700 1480 2774 oporteat.

322 2793 380 2854 Sed
402 2812 440 2855 ne
463 2797 634 2858 coniectura
658 2795 777 2876 quidem
806 2813 926 2876 sperare
954 2795 1026 2857 licet
1047 2813 1102 2854 nos
1129 2802 1188 2855 tam
1216 2792 1382 2873 probabilia
1404 2813 1483 2855 asse·

321 2904 443 2956 cuturos
466 2916 546 2968 esse,
570 2905 603 2958 ut
624 2897 698 2959 nihil
722 2897 852 2958 resideat
879 2893 1092 2965 dubitationis,
1121 2904 1209 2976 atque
1232 2894 1336 2957 eadem
1358 2897 1389 2957 in
1411 2895 1484 2956 Rhi-

322 3014 410 3056 anum
444 2998 570 3069 cadunt,
605 3019 680 3080 quac
714 2999 751 3060 de
780 2998 975 3078 Aristophane
1009 2997 1164 3077 Byzantio,
1199 2998 1282 3058 cuius
1315 3005 1413 3058 tamen
1447 3016 1483 3057 ex

321 3097 499 3160 lectionibus
520 3102 613 3162 multo
636 3103 781 3163 maiorem
804 3118 960 3162 numerum
977 3099 1155 3162 scholiastae
1178 3107 1385 3169 servaverunt,
1409 3099 1482 3176 Aug.

322 3197 473 3261 Nauekius
494 3201 582 3264 Arist.
606 3203 677 3283 Byz.
699 3223 729 3283 p.
752 3199 795 3264 20
817 3202 904 3264 dicit:
933 3202 1157 3282 ‘conquerimur
1179 3199 1267 3268 illud,
1297 3201 1374 3279 quod
1399 3200 1483 3264 seho-

322 3299 425 3361 liastac
447 3303 479 3363 in
507 3303 596 3364 nudis
617 3303 797 3365 lectionibus
818 3303 1020 3364 memorandis
1050 3303 1147 3364 solent
1175 3303 1381 3382 acquiescere,
1411 3303 1482 3362 rati·

322 3400 429 3462 onibus
451 3413 501 3466 aut
522 3407 642 3467 omissis
664 3413 714 3466 aut
740 3406 865 3467 licenter
893 3406 1010 3466 ciliciis.
1054 3403 1193 3474 Quamvis
1220 3403 1311 3481 igitur
1337 3403 1483 3482 plurimae

322 3503 409 3564 nobis
431 3506 566 3585 cognitae
594 3508 654 3569 sint
681 3506 914 3587 Aristophaneae
942 3506 1085 3567 editionis
1112 3505 1268 3574 lectiones,
1298 3523 1351 3565 cae
1384 3513 1483 3565 tamen

323 3615 423 3666 utrum
445 3611 634 3670 conlecturae
657 3607 717 3670 sint
739 3627 776 3670 an
798 3609 994 3669 vetustiorum
1017 3605 1231 3688 exemplarium
1258 3605 1316 3666 fide
1339 3607 1481 3674 nitantur,

322 3706 473 3781 proditum
495 3711 560 3770 lere
588 3729 734 3790 nusquam
762 3709 902 3788 legimus,
932 3709 1083 3770 interdum
1104 3707 1262 3771 divinando
1285 3709 1482 3787 assequimur,

389 3873 433 3940 20)
450 3871 492 3927 De
510 3874 563 3927 hoc
581 3872 748 3928 Clearcho
766 3872 829 3927 vide
847 3872 937 3929 Maur.
957 3871 1139 3927 Schmidtium
1157 3873 1194 3926 ad
1211 3871 1330 3941 Hesych.
1348 3890 1369 3927 s.
1389 3889 1414 3927 v.
1434 3874 1484 3938 μή-

321 3973 383 4023 τρα.
415 3960 472 4011 *καὶ
495 3960 639 4026 ὁκλῆροε.
667 3959 725 4014 ὑπὸ
745 3958 866 4013 (όλεων.
899 3959 938 4013 ωε
957 3957 1133 4026 Κλείταρχος.
1168 3956 1223 4012 Sed
1240 3958 1293 4011 hoc
1310 3955 1413 4012 rectius
1431 3957 1484 4010 for-

322 4040 396 4095 tasse
414 4057 447 4096 ex
465 4041 597 4097 clitarchi
614 4041 716 4113 linguis
734 4042 910 4113 desumptum
931 4043 1027 4112 putes,
1050 4041 1103 4096 nisi
1124 4056 1175 4111 pro
1196 4041 1363 4109 Κλείταρχος
1387 4040 1483 4097 reseri-

321 4125 445 4181 bendum
463 4127 517 4182 erit
531 4128 680 4196 Κλέαρχοε,
699 4143 782 4196 quem
800 4127 871 4181 Solis
888 4126 958 4181 urbe
971 4126 1055 4196 Cypri
1068 4125 1214 4180 oriundum
1231 4125 1315 4181 fuisse
1334 4127 1363 4181 et
1380 4125 1484 4196 glosse-

322 4211 399 4265 meto
417 4211 609 4281 conscripsisse
627 4227 661 4266 ox
678 4211 822 4266 Athenaeo
840 4211 906 4266 VIII
928 4229 956 4281 p.
974 4217 1037 4276 345,
1054 4210 1092 4264 XI
1114 4228 1143 4280 p.
1160 4215 1209 4264 486
1228 4210 1257 4264 et
1274 4209 1366 4265 Schol.
1384 4211 1482 4266 Venet.

323 4295 347 4349 Ψ
364 4299 396 4348 81
415 4299 602 4368 cognovimus.
638 4295 693 4352 Ofr.
710 4295 802 4364 Etym.
820 4295 856 4354 Μ.
874 4313 895 4356 s.
913 4314 939 4354 ν.
958 4299 1076 4366 βροῡχοε
1093 4297 1167 4365 etp.
1186 4301 1249 4363 221,
1267 4299 1310 4350 32.
1331 4301 1386 4362 111,
1405 4301 1440 4350 9)
