3340 5164
671 393 824 490 Q

164 580 331 641 derivatum
356 587 401 639 est
429 599 465 640 ex
488 583 606 640 nomine
635 578 772 662 ἄμαθοε,
802 591 834 642 ut
860 582 938 641 idem
968 584 1115 660 significet
1142 594 1230 664 atque
1252 583 1330 664 ἠμα-

164 680 250 744 θόειε
273 690 301 742 et
324 691 410 758 poeta
434 684 463 742 in
487 683 534 742 his
557 683 695 760 epithetis
718 686 891 753 variaverit,
914 692 1004 763 prout
1018 685 1135 746 terebat
1150 690 1237 747 metri
1262 707 1330 748 con-

164 783 252 842 dicio.
298 783 435 844 Ceterum
470 791 701 845 consentaneum
739 793 785 845 est
817 784 964 848 Rhianum
1000 805 1058 847 non
1087 787 1181 849 sulum
1215 791 1246 847 in
1273 790 1330 849 hoc

163 902 267 954 versu,
293 884 370 944 unde
395 888 493 946 exorsi
516 905 633 955 sumus,
657 888 676 948 δ
699 883 777 956 702,
807 887 858 947 sed
888 889 917 948 in
952 887 1106 958 omnihus,
1142 907 1218 967 quos
1240 909 1330 969 supra

165 987 412 1064 significavimus,
436 985 604 1064 -ἠμαθίηεΙ
625 988 669 1047 vel
698 985 832 1064 ἠμαθίην
873 988 1079 1060 substituisse,
1115 990 1145 1050 id
1179 992 1257 1072 quod
1290 992 1330 1054 La

164 1089 295 1149 liechius
317 1090 346 1149 in
371 1088 558 1149 adnotatione
582 1091 684 1150 critica
707 1089 845 1151 editionis
868 1090 1016 1170 Odysseae
1038 1098 1120 1153 recte
1143 1093 1293 1155 indicavit.

251 1193 269 1253 δ
292 1186 363 1251 788.
408 1189 450 1249 De
473 1190 621 1268 Penelopa
644 1193 725 1251 curis
749 1198 778 1252 et
800 1193 907 1252 timore
937 1201 1039 1253 vexata
1061 1203 1223 1254 narrantur
1245 1186 1381 1256 haecne

292 1323 373 1388 κεῖτ’
395 1321 453 1401 ἄρ’
475 1322 627 1400 ἄτιτος,
649 1323 790 1389 ἄπαετοε
811 1325 944 1404 ἐδητύος
965 1325 1023 1403 ἠδὲ
1045 1330 1197 1405 ποτῆτοε.

166 1477 264 1538 Schol.
294 1475 393 1539 κεῖτ’
426 1475 486 1553 ἄρ’
519 1475 669 1541 ἄειτοτ·
704 1477 830 1542 Ῥιανὸε
857 1477 937 1542 κεῖτ’
965 1477 1022 1557 ἄρ’
1054 1478 1245 1564 ducatos,
1279 1483 1331 1547 καὶ

165 1577 248 1640 ἔττιν
271 1575 349 1654 αὕτη
373 1577 558 1656 χαριεετέρα
580 1577 599 1655 ἡ
621 1579 741 1658 γραφή.
764 1579 837 1641 ΗΡ.
882 1581 1037 1644 Manifesta
1066 1589 1111 1643 est
1139 1602 1242 1654 causa,
1272 1604 1330 1664 qna

166 1679 273 1740 ductus
295 1679 428 1740 Rhianus
451 1699 466 1740 a
490 1680 634 1741 tralaticia
658 1681 748 1742 huius
770 1701 873 1743 versus
900 1684 1046 1761 scriptura
1070 1689 1246 1746 recesserit:
1275 1686 1329 1746 tol-

165 1781 227 1840 lere
251 1780 327 1841 enim
353 1781 444 1841 voluit
473 1783 678 1860 tautologiam,
714 1801 789 1863 quae
818 1784 969 1845 molestior
1000 1787 1028 1844 ei
1055 1787 1118 1846 visa
1147 1793 1206 1856 est,
1241 1805 1329 1866 quam

165 1900 241 1961 quae
263 1883 384 1943 tolerari
406 1891 513 1960 posset.
559 1883 657 1944 Ceteri
685 1884 817 1946 editores
839 1903 925 1946 secus
947 1885 1205 1957 existimaverunt,
1236 1895 1266 1948 et
1294 1887 1329 1949 ad

165 1983 381 2044 defendendam
404 1984 562 2045 lectionem
585 1985 735 2067 vulgarem
762 1987 822 2046 iam
851 1986 1021 2047 Eustathius
1048 1989 1173 2064 protrdit
1201 1990 1329 2066 explica-

166 2087 278 2145 tionem
308 2103 388 2155 eam,
417 2085 452 2146 ad
482 2105 570 2166 qnam
594 2086 819 2164 excogitandam
849 2087 928 2148 haud
958 2090 1000 2148 ita
1028 2106 1135 2166 magno
1164 2108 1237 2168 opus
1266 2100 1330 2152 erat

166 2189 317 2246 acumine:
353 2184 390 2248 τὸ
423 2184 564 2250 ἄπαττο(
597 2185 731 2265 ἑδητύοε
760 2186 818 2264 ἠδὲ
845 2189 985 2264 ποτῆτος
1012 2189 1239 2268 διαεαφηττκόν
1267 2190 1331 2254 den

164 2289 223 2349 τοῦ
246 2285 368 2360 tenor,
392 2289 422 2349 id
444 2289 522 2369 quod
540 2289 710 2350 Nitzschius
725 2289 863 2370 probavit
878 2296 907 2350 et
923 2292 1071 2352 tmeisius
1093 2293 1124 2350 in
1141 2310 1226 2353 suum
1243 2312 1329 2354 usum

166 2392 323 2450 convertit.
368 2388 450 2460 Quod
474 2410 545 2451 num
568 2410 600 2452 re
624 2410 694 2452 vera
717 2392 855 2452 idoneum
880 2394 933 2461 sit,
957 2411 1016 2470 quo
1038 2393 1197 2470 tautologia
1219 2394 1268 2455 illa
1293 2395 1329 2455 ah

165 2493 247 2552 omni
270 2490 456 2552 dubitatione
479 2493 664 2563 vindicetur,
695 2493 833 2570 equidem
863 2492 1029 2553 diiudicare
1052 2493 1134 2563 nolo,
1164 2495 1216 2554 sed
1238 2514 1331 2574 penes

166 2612 217 2654 eos
244 2593 390 2654 iudicium
419 2596 472 2664 sit,
507 2597 558 2673 qui
581 2594 758 2655 Homericae
781 2594 958 2654 elocutionis
981 2613 1028 2654 me
1055 2598 1218 2674 peritiores
1246 2605 1329 2666 sunt;

166 2713 262 2775 neque
286 2713 356 2754 vero
378 2702 490 2756 tantum
513 2695 631 2775 ltidymi
654 2697 824 2757 auctoritati
845 2694 961 2763 tribuo,
986 2696 1070 2756 utin
1094 2699 1159 2758 eins
1181 2716 1330 2759 commen-

165 2799 286 2858 datione
310 2831 351 2840 -
373 2795 575 2874 χαριεετέραν
604 2799 684 2857 enim
713 2797 785 2857 dicit
813 2797 972 2857 lectionem
994 2796 1158 2858 Rhianeam
1182 2832 1221 2842 —
1244 2820 1330 2880 pror-

166 2918 218 2960 sus
241 2898 487 2978 acquiescendum
516 2917 580 2958 esse
608 2898 754 2968 arbitrem
782 2905 811 2958 at
838 2899 893 2959 hoc
921 2905 1002 2958 certe
1032 2899 1228 2961 animadverti
1255 2902 1330 2970 volo,

166 3004 231 3064 sine
255 2999 346 3061 dubio
369 3019 427 3061 non
451 3017 520 3060 casu
542 3001 652 3060 sactum
681 3007 730 3061 aut
758 2999 912 3087 fortuitum
940 3018 1020 3068 esse,
1049 3000 1128 3079 quod
1156 3002 1330 3063 vocabulum

166 3102 274 3166 ἄειτοε
297 3101 484 3181 repudiatum
507 3102 579 3162 illud
602 3102 722 3181 quidem
746 3121 762 3161 a
784 3101 909 3171 Rhiano,
934 3119 1111 3179 quamquam
1134 3103 1213 3181 apud
1236 3107 1330 3184 serip-

167 3215 247 3266 tores
274 3211 409 3283 posteros
444 3206 562 3282 saepius
596 3202 719 3281 legitur,
755 3203 832 3283 apud
861 3202 1022 3262 Homerum
1051 3197 1135 3268 ἅπαξ
1164 3202 1331 3283 εἰρημένον

167 3316 222 3367 est.
261 3307 385 3366 Accedit
414 3324 497 3374 vero,
532 3305 610 3386 quod
643 3302 785 3368 ἄναυδοε
818 3304 907 3366 huius
938 3304 996 3364 loci
1025 3303 1195 3366 condicioni
1223 3310 1331 3368 mirum

167 3416 310 3488 quantum
340 3409 487 3467 convenit.
532 3407 649 3467 Etenim
671 3407 819 3485 Penelopa
849 3406 949 3466 audito
977 3423 1085 3483 procos
1113 3425 1217 3467 navem
1245 3407 1331 3468 ador-

168 3529 254 3570 nasse
278 3517 307 3568 et
323 3515 408 3569 noete
425 3510 575 3587 proficisci
597 3508 686 3577 velle,
711 3517 744 3568 ut
759 3506 969 3568 Telemachum
986 3508 1126 3567 reducem
1142 3526 1196 3586 per
1211 3518 1330 3570 noctur·

168 3631 221 3672 nas
243 3611 368 3670 insidias
383 3613 587 3689 opprimerent
609 3616 638 3668 et
659 3611 879 3676 interficerent,
903 3611 1049 3668 anxietate
1065 3626 1178 3668 summa
1202 3610 1332 3671 cruciata

168 3721 215 3774 est
237 3721 266 3773 et
288 3712 414 3772 sollicita
437 3713 494 3772 luit
517 3730 577 3771 neo
594 3714 731 3771 timorem
760 3713 857 3790 potuit
884 3708 1019 3778 abicere,
1049 3728 1086 3768 ne
1108 3709 1187 3770 filius
1208 3713 1240 3770 iu
1262 3731 1330 3790 pro-

168 3833 272 3876 corum
304 3832 409 3874 manus
441 3814 602 3884 incideret;
642 3815 765 3874 remotis
799 3811 913 3873 ancillis
946 3813 1038 3871 iacuit
1071 3813 1101 3871 in
1134 3811 1243 3873 lectulo
1275 3832 1330 3872 nec

167 3985 371 3994 ..-.....-———-

168 4084 202 4137 ὃτ
220 4087 273 4136 νῦν
292 4083 410 4147 Μάμαοε
428 4083 473 4135 καὶ
493 4081 673 4148 Ἀρκαδιακὸε
696 4081 834 4145 καλεῖται,
860 4079 931 4132 ὥετ’
952 4079 1086 4133 ἐντεῦθεν
1108 4079 1269 4146 ἠμαθόεντα
1287 4094 1330 4133 κε·

168 4171 296 4235 κλήτθαι·
316 4167 373 4220 εἴτε
391 4168 496 4220 τούτου
514 4167 564 4231 μὲν
575 4165 703 4231 Παμῖεου
715 4164 890 4229 καλουμένου
902 4165 1063 4230 ὁμωνύμου(
1080 4169 1140 4217 τοῖς
1158 4163 1189 4214 ἐν
1207 4168 1242 4230 τῇ
1262 4163 1332 4216 Μεε-

169 4252 250 4321 εηνῖᾳ
273 4251 346 4316 duci,
369 4255 421 4317 τῆ(
444 4252 475 4304 δὲ
498 4250 611 4304 πόλεως
634 4250 740 4316 ἄδηλον
759 4249 874 4314 ἐχούεη(
891 4250 946 4314 τὴν
965 4247 1151 4313 ἐτυμολογίαν
1168 4249 1220 4297 τοῦ
1240 4247 1331 4300 ἐπιθέ-

168 4351 232 4390 του·
251 4337 297 4390 καί
315 4335 368 4401 γὰρ
386 4337 420 4390 τὸ
438 4335 573 4402 ἀμαθώδη
586 4335 638 4386 τὸν
657 4335 788 4398 ποταμὸν
810 4334 828 4398 ἢ
846 4334 901 4398 τὴν
918 4333 1015 4398 χώραν
1028 4331 1100 4384 εῖναι
1119 4329 1222 4395 ψευδο(
1240 4346 1330 4396 φαειν.
