3340 5164
826 411 975 510 Q-..

321 605 464 666 adbibere
487 622 546 663 uon
568 603 669 671 licuit,
693 620 760 662 cum
784 604 808 662 si
832 598 963 678 ρυπόων
987 609 1016 662 et
1038 600 1279 680 μεμορυχμένον
1303 602 1481 680 scripsisset,

322 715 352 766 et
376 713 505 766 metrum
529 704 668 765 violasset
691 716 720 764 et
743 705 889 764 orationis
911 705 1037 763 sormam
1060 703 1242 764 reddidisset
1263 706 1483 764 inconcinnam.
1564 701 1572 706 “

322 809 419 878 Quare
442 807 515 866 haec
539 808 727 874 coniectura,
751 808 885 885 quamvis
908 806 980 866 lerri
1002 808 1110 882 possit,
1135 824 1195 866 non
1217 806 1306 884 digna
1329 812 1386 873 est,
1410 823 1484 883 quae
1523 801 1530 814 '

323 907 489 970 editoribus
512 908 746 968 commendetur.
779 907 879 968 Nihilo
903 910 996 968 setius
1020 927 1056 967 ex
1075 906 1185 967 Rhiani
1207 907 1338 967 editione
1361 906 1391 965 in
1414 905 1486 966 alias

324 1013 467 1072 transisse
491 1009 623 1078 videtum
649 1016 729 1069 certe
753 1008 844 1068 codex
868 1008 1055 1078 Venetns'N‚
1079 1027 1167 1087 quem
1198 1008 1239 1069 La
1254 1008 1386 1069 Rocbius
1407 1007 1486 1068 inter

323 1112 596 1192 praestantissimos
619 1117 770 1179 numerat,
796 1111 920 1170 eandem
943 1110 1102 1170 lectionem
1126 1111 1260 1170 servavit.

273 1208 318 1274 43
411 1207 520 1275 (386.
564 1212 768 1292 Eurymacho‚
798 1214 851 1290 qui
874 1211 1098 1272 contumeliosis
1127 1211 1227 1272 verbis
1249 1229 1316 1272 eum
1340 1211 1486 1289 perstrin-

325 1318 382 1382 xit,
407 1314 504 1374 Vlixes
533 1333 564 1373 se
593 1332 649 1373 nec
677 1312 792 1373 viribus
826 1312 870 1372 illi
899 1331 954 1372 nec
982 1314 1090 1372 virtute
1125 1313 1231 1372 cedere
1265 1311 1425 1391 respondet
1460 1318 1489 1371 et

327 1415 551 1475 minitabundus
573 1420 706 1474 extrema
730 1414 803 1474 haec
826 1413 915 1474 verba
940 1413 1037 1474 addit:

368 1563 432 1628 384
453 1564 480 1629 εἰ
501 1563 535 1627 δ’
557 1563 706 1629 Ὀδυτεὺε
729 1563 817 1628 ἔλθοι
839 1564 889 1626 καὶ
908 1562 1006 1629 ἵκοιτ’
1028 1564 1061 1627 tc
1075 1563 1211 1641 πατρίδα
1233 1565 1337 1639 γαῖαν,

453 1663 537 1744 αἶψά
559 1665 593 1728 κέ
616 1684 665 1728 τοι
686 1665 726 1729 τὰ
747 1665 894 1743 θύρετρα,
916 1666 969 1728 καὶ
990 1664 1086 1742 εὐρέα
1108 1684 1168 1743 περ
1191 1665 1269 1744 μάλ’
1290 1665 1397 1740 ἐόντα,

454 1767 609 1847 φεύγοντι
632 1765 786 1831 ετείνοιτο
810 1765 855 1829 δι’
877 1765 912 1830 ἐκ
933 1765 1158 1845 προθύροιο
1181 1766 1307 1845 θύραζε.

328 1921 425 1980 Schol.
449 1919 496 1982 δι’
511 1919 545 1982 ἐκ
568 1918 758 1998 μεγάροιο
781 1917 916 1982 Ῥιανόε.
940 1919 974 1979 ll.
998 1919 1132 1980 Articulo
1148 1922 1315 1999 praeposito
1338 1920 1493 1981 evidenter

328 2022 507 2088 ostenditur,
531 2020 570 2083 τὰ
592 2020 729 2099 θύρετρα
751 2027 854 2081 notare
878 2024 995 2082 ianuam
1011 2021 1157 2081 conclavis
1179 2019 1355 2098 (μέγαρον),
1378 2025 1408 2083 in
1432 2043 1494 2102 quc

327 2125 410 2201 proci
433 2131 671 2183 commorantur:
694 2141 749 2202 per
771 2123 848 2182 hanc
870 2125 915 2183 ire
938 2131 1055 2201 oportet
1078 2142 1159 2193 eum,
1184 2126 1235 2201 qui
1258 2142 1294 2183 ex
1316 2123 1440 2184 aedibus
1462 2125 1492 2184 in

329 2225 425 2284 aulam
448 2225 558 2292 tendit;
588 2221 668 2300 θύρα
690 2231 736 2284 est
757 2232 843 2303 porta
873 2224 956 2285 aulae
980 2225 1163 2303 saepimento
1192 2225 1408 2294 circumdatae,
1437 2243 1494 2303 per

329 2343 417 2404 quarn
435 2344 470 2385 ex
486 2326 551 2385 aula
567 2325 647 2384 toras
662 2324 837 2394 discedunt,
862 2325 892 2386 id
908 2326 987 2405 quod
1010 2345 1076 2385 cum
1101 2325 1152 2385 alii
1168 2344 1272 2386 versus
1288 2326 1405 2395 docent,
1429 2333 1494 2386 tum

330 2445 350 2487 α
376 2422 451 2496 120;
485 2427 583 2504 itaque
617 2423 731 2501 θύραζε
765 2423 897 2504 φεύγειν
929 2427 1006 2487 idem
1036 2434 1081 2486 est
1108 2445 1141 2486 ac
1170 2427 1258 2486 domo
1286 2427 1389 2487 relicta
1413 2427 1495 2488 iuras

330 2530 444 2605 lugere.
468 2525 529 2586 lam
551 2545 621 2587 vero
651 2528 720 2606 quid
748 2535 794 2588 est
821 2526 1001 2608 πρόθυρον,
1030 2528 1108 2608 quod
1139 2529 1217 2588 inter
1238 2527 1278 2590 τὰ
1300 2526 1436 2605 θύρετρα
1464 2536 1495 2588 et

330 2629 387 2706 τὴν
416 2627 517 2704 θύραν
540 2631 731 2689 interiectum
760 2629 950 2706 cogitandum
974 2631 1035 2689 est?
1072 2629 1134 2690 Hoc
1162 2629 1336 2691 vocabulum
1359 2629 1495 2690 Rhianus

330 2749 389 2790 non
422 2729 496 2791 salso
530 2731 745 2808 interpretatus
773 2737 865 2798 esset,
900 2733 924 2790 si
959 2733 1016 2792 iam
1049 2733 1201 2810 cognitum
1232 2730 1386 2791 habuisset
1414 2731 1493 2810 quod

332 2851 411 2892 nunc
434 2831 577 2891 debemus
589 2830 708 2891 sobriae
725 2839 754 2891 et
777 2833 1012 2909 circumspectae
1028 2831 1063 2893 H.
1075 2832 1210 2911 Rumpi
1213 2834 1240 2892 ii
1262 2833 1424 2902 doctrinae,
1442 2835 1494 2912 qui

332 2935 368 2994 de
391 2933 455 3018 aed.
481 2931 567 2992 Hom.
592 2931 605 2990 l
633 2952 662 3011 ρ.
686 2930 727 2993 10
758 2940 894 2993 accurata
928 2933 1138 3012 disquisitione
1173 2934 1401 3003 demonstravit,
1435 2934 1495 2995 duo

332 3054 397 3095 esse
420 3032 580 3110 updtlupu:
605 3033 730 3094 alterum
754 3052 819 3094 esso
842 3037 999 3095 transitum
1024 3035 1060 3094 ab
1083 3035 1147 3095 aula
1177 3035 1211 3096 ad
1242 3036 1361 3095 domum
1386 3034 1495 3114 (rnor-

332 3134 422 3215 weg),
457 3134 585 3196 alterum
614 3137 771 3196 transitum
796 3155 811 3195 a
835 3138 879 3196 via
902 3136 937 3196 ad
961 3136 1056 3196 aulam
1080 3135 1248 3216 (Τύραννος)
1278 3145 1308 3196 et
1336 3136 1495 3216 complecti

334 3256 384 3298 eas
407 3255 523 3315 quoque
546 3239 611 3296 viae
633 3244 748 3315 partes,
779 3256 854 3316 quae
884 3245 951 3298 ante
974 3238 1085 3297 lorium
1107 3240 1263 3298 introitum
1286 3239 1419 3315 proxime
1443 3239 1494 3298 ad-

333 3341 460 3399 iaceant.
482 3337 616 3398 Rhianus
631 3345 729 3397 autem
744 3337 880 3399 vocabuli
902 3341 1121 3420 compositione
1138 3347 1167 3399 et
1182 3338 1333 3399 nonnullis
1349 3339 1493 3408 versibus,

333 3447 366 3499 ut
381 3457 401 3500 α
419 3434 492 3509 119,
517 3441 638 3499 innixus
654 3439 748 3499 solum
766 3439 796 3499 id
813 3443 956 3519 spatium,
980 3441 1059 3520 quod
1076 3447 1159 3500 extra
1176 3440 1272 3501 aulam
1288 3448 1355 3501 ante
1378 3447 1495 3520 portam

333 3550 392 3608 est,
416 3540 597 3601 intellexisse
619 3541 751 3610 videtur,
776 3548 809 3600 ut
831 3543 855 3602 si
878 3543 985 3620 quise
1014 3542 1102 3602 domo
1125 3539 1240 3617 θύραζε
1267 3543 1398 3620 fugeret,
1428 3561 1494 3602 eum

333 3660 367 3701 ex
391 3643 473 3701 aulae
500 3650 588 3719 porta
611 3643 729 3702 demum
758 3659 910 3720 egressum
939 3644 974 3703 ad
1003 3640 1169 3719 πρόθυρον
1196 3643 1339 3704 accedere
1366 3650 1496 3723 putaret.

333 3743 381 3802 Sic
404 3743 469 3802 lieri
493 3762 552 3803 non
575 3751 706 3821 poterat,
732 3746 804 3823 quin
821 3745 1020 3823 discrepantia
1044 3747 1076 3805 in
1099 3745 1155 3804 hoc
1172 3762 1257 3804 versu
1282 3744 1493 3812 offenderetur,

333 3860 421 3922 quam
445 3845 518 3902 scite
542 3851 571 3903 et
592 3862 734 3923 perquam
758 3853 825 3923 apte
849 3847 1022 3906 coniciendo
1046 3843 1090 3908 δι’
1112 3843 1146 3908 ἐκ
1162 3843 1315 3923 μεγάροιο
1339 3835 1494 3907 sustulisse

333 3961 401 4004 eum
425 3943 646 4004 concedendum
670 3953 729 4014 est,
754 3947 832 4025 quod
855 3949 879 4006 si
902 3949 1066 4026 antiquitus
1100 3947 1249 4024 vulgatum
1279 3955 1372 4015 esset,
1406 3965 1495 4009 nemo

255 4121 257 4126 ι
334 4051 412 4105 esset
434 4047 485 4124 qui
510 4046 753 4122 reprehenderet.
779 4047 836 4109 Sed
859 4067 926 4108 cum
957 4049 1072 4126 vulgata
1100 4047 1189 4109 lectio
1218 4067 1276 4108 non
1300 4049 1440 4109 destituta
1457 4051 1497 4108 sit

334 4145 488 4206 commodo
511 4146 677 4217 intellectu,
711 4158 773 4210 tum
806 4151 925 4226 gravior
957 4150 1106 4210 acerbitas
1129 4153 1207 4211 inest
1229 4152 1260 4210 in
1282 4151 1351 4227 luga
1380 4168 1413 4210 ac
1435 4159 1496 4210 tre-

334 4247 485 4324 pidatione
507 4247 685 4327 Eurymacbi
708 4248 916 4320 describenda,
940 4253 965 4311 si
988 4253 1079 4311 totius
1101 4251 1205 4329 spatii,
1236 4253 1313 4331 quod
1337 4269 1496 4328 percursu-

335 4366 386 4407 rus
408 4355 461 4418 est,
485 4349 618 4427 singulae
634 4356 735 4428 partes
757 4349 937 4412 indicantur.
