3340 5164
844 394 995 491 -81-Φ

338 583 472 647 Rhianus
500 601 619 664 quoque
646 583 725 645 haud
755 582 847 645 dubie
876 585 912 644 de
935 583 959 646 A
981 581 1023 645 99
1045 586 1153 654 sensit,
1181 603 1250 645 cum
1278 583 1355 643 nihil
1378 601 1447 643 cum
1468 583 1500 643 in

339 688 396 747 hoc
418 705 506 747 versu
528 687 686 746 mutavisse
710 704 726 745 e
749 685 975 746 scholiastarum
997 684 1116 746 silentio
1140 684 1340 762 colligendum
1363 686 1410 744 sit.
1441 684 1500 744 Sed

340 806 442 849 versus
465 790 504 856 is,
529 787 565 847 de
588 805 646 864 quo
669 787 868 864 disputamus,
892 786 1039 847 obnititur
1061 787 1131 846 huic
1155 787 1410 866 interpretationi:
1434 804 1500 845 nam

340 891 481 970 quoniam
503 888 603 949 Vlixes
631 888 667 948 de
696 906 727 948 se
750 890 817 969 ipso
843 896 963 958 narrat,
992 888 1186 949 masculinum
1216 895 1315 948 autem
1345 883 1502 962 ἀπρίατον

340 1009 399 1051 non
421 993 552 1068 positum
575 997 633 1060 est,
663 990 740 1051 nibil
762 997 871 1064 restat,
902 1008 990 1069 quam
1013 997 1046 1048 ut
1074 986 1230 1066 ἀπριάτην
1258 1006 1312 1066 pro
1341 987 1502 1049 adverbiali

339 1095 435 1153 forma
457 1091 614 1153 habeatur.
661 1090 739 1151 Haec
762 1102 860 1152 autem
883 1092 978 1151 forma
1001 1098 1146 1168 repugnat
1168 1093 1268 1168 graeci
1292 1090 1439 1150 sermonis
1460 1088 1501 1149 le·

340 1194 428 1272 gibus
450 1211 484 1254 ac
506 1193 634 1270 regulis;
657 1194 711 1254 cir.
735 1193 933 1254 Ruttmannus
955 1209 999 1270 gr.
1024 1210 1069 1270 gr.
1099 1209 1177 1252 max.
1202 1191 1226 1270 S
1250 1188 1327 1259 119,
1351 1187 1392 1252 83
1416 1189 1452 1269 (ΙΙ
1471 1208 1502 1269 ρ.

339 1292 413 1376 452)
437 1304 466 1356 et
488 1294 655 1354 Lobeclrius
677 1293 768 1371 paral.
798 1311 827 1371 p.
850 1291 928 1362 458,
958 1296 1011 1372 qui
1038 1293 1129 1353 dicit:
1168 1294 1239 1369 ‘pro
1267 1289 1440 1368 ἀπριάδην,
1470 1301 1504 1350 ut

340 1397 475 1457 llbianus
498 1394 664 1465 scribebat,
689 1391 846 1471 ἀπριάτην
870 1395 930 1455 dici
952 1412 1039 1473 posse
1067 1395 1147 1455 nullo
1171 1393 1305 1472 exemplo
1328 1392 1502 1472 comproba·

339 1506 405 1568 tur,
438 1499 574 1577 quamvis
601 1496 771 1557 abundante
799 1494 1008 1556 adverbiorum
1037 1498 1068 1556 in
1096 1500 1155 1573 δην
1187 1498 1361 1556 exeuntium
1389 1497 1502 1574 copia’;

342 1599 481 1677 idemque
503 1598 629 1658 rhemat.
653 1615 681 1675 p.
708 1595 768 1658 192
791 1605 851 1657 not.
875 1595 897 1657 4
918 1597 1002 1657 aliert
1021 1596 1208 1675 Apollonium
1232 1597 1268 1657 do
1291 1597 1355 1657 adr.
1373 1593 1435 1656 612
1457 1601 1504 1676 τῷ

340 1698 409 1776 ἥδω
432 1698 469 1762 τὸ
492 1695 573 1776 ἥδην
595 1696 782 1774 παράκειται
804 1697 853 1760 καὶ
882 1695 962 1775 ἄδην
990 1697 1042 1760 καὶ
1068 1697 1156 1775 παρὰ
1182 1703 1247 1760 τῶν
1276 1693 1319 1760 εἰ(
1346 1717 1378 1774 μι
1402 1696 1505 1775 βίβημι

342 1799 458 1881 βάδην,
480 1797 546 1879 taor
562 1798 660 1877 ἀέδην
683 1798 735 1861 καὶ
756 1796 888 1876 ἀνέδην·
911 1797 974 1862 ἔδει
991 1796 1050 1862 οὖν
1073 1798 1161 1875 παρὰ
1182 1799 1219 1862 τὸ
1240 1798 1349 1876 πρίαμι
1372 1797 1427 1877 (rel
1448 1816 1503 1875 po·

341 1905 402 1962 tius
424 1899 542 1980 πρίημι)
566 1899 712 1978 πριάδην.
750 1900 853 1980 Neque
876 1901 957 1961 aliud
987 1899 1073 1962 docet
1095 1910 1179 1963 vetus
1205 1901 1256 1962 ille
1283 1899 1503 1978 grammaticus,

342 2005 426 2063 cuius
448 2004 582 2064 doctrina
605 2010 721 2063 servata
750 2009 795 2062 est
823 2002 900 2080 apud
923 2003 1018 2082 Etym.
1041 2003 1137 2096 Magq
1162 1999 1238 2071 133,
1264 1998 1319 2072 17,
1349 2000 1504 2062 sedidem

340 2098 544 2184 praepropero
566 2104 678 2165 iudicio
701 2121 855 2165 removere
878 2103 991 2165 studuit
1019 2104 1245 2185 discrepantiam
1272 2103 1364 2172 hanc,
1393 2104 1424 2162 in
1447 2121 1505 2182 qua

342 2213 388 2267 est
419 2207 516 2266 omnis
549 2205 722 2275 difficultas,
756 2207 865 2266 cumb
894 2207 925 2264 in
948 2224 966 2267 τ
993 2213 1138 2265 mutatum
1167 2223 1231 2266 esse
1254 2205 1402 2265 aliirmare
1425 2203 1504 2263 haud

341 2315 548 2367 minotaretur:
578 2303 750 2382 ἀπριάτην·
779 2304 904 2386 πρίημι,
932 2305 970 2369 τὸ
993 2305 1168 2382 παθητικὸν
1190 2304 1334 2384 πρίαμαι·
1356 2304 1394 2368 τὸ
1417 2302 1504 2380 ἐπίρ-

340 2426 424 2485 ρημα
445 2404 657 2484 ἀπριάδην·
681 2405 733 2468 καὶ
753 2411 857 2488 τροπῇ
879 2409 938 2470 τοῦ
953 2405 985 2468 Δ
1008 2405 1053 2469 elc
1075 2405 1100 2468 Τ
1122 2403 1326 2485 ἀπριάτην.
1350 2404 1410 2467 Cir.
1433 2407 1505 2468 Cra-

295 2549 306 2568 ,
340 2511 417 2569 meri
438 2507 549 2570 Anecd.
572 2507 585 2567 Ι
605 2525 635 2585 ρ.
658 2504 709 2577 23,
736 2504 774 2568 16
802 2505 972 2585 ἀπριάτην·
1000 2505 1126 2589 πρίημι,
1152 2507 1191 2570 τὸ
1220 2507 1393 2585 παθητικὸν
1415 2506 1507 2585 πρία-
1569 2573 1579 2588 ,

342 2628 409 2689 μαι,
433 2607 472 2672 τὸ
495 2605 651 2686 ἐπίρρημα
673 2607 842 2686 πριάδην
869 2605 920 2671 καὶ
941 2604 1019 2686 μετὰ
1045 2611 1102 2686 τῆς
1118 2595 1145 2670 ἀ
1167 2609 1341 2687 (replicetur
1364 2605 1506 2686 ἀπριά-

341 2715 423 2788 δην·
447 2710 492 2774 ὡ(
502 2707 604 2787 ‘lampa
614 2707 738 2788 ἵεταμαι
754 2709 870 2786 ετάδην
882 2708 1051 2788 ευετάδην,
1074 2715 1179 2793 τροπῇ
1194 2713 1253 2774 τοῦ
1269 2714 1288 2773 δ
1303 2709 1348 2775 eie
1362 2730 1380 2772 τ
1395 2707 1506 2786 ἀπρι-
1531 2745 1535 2752 ,

342 2811 446 2890 άτην.
468 2811 602 2872 erianus
617 2830 687 2873 vero
701 2819 763 2872 tam
778 2819 891 2872 temere
906 2811 1058 2890 analogiae
1074 2812 1171 2890 legem
1196 2813 1300 2874 violari
1322 2813 1428 2881 noluit,
1452 2813 1506 2872 sed

342 2922 375 2974 ut
396 2914 421 2976 A
442 2910 484 2973 99
507 2913 684 2975 adiectivum
708 2915 840 2992 agnovit,
870 2915 912 2975 sic
934 2914 1077 2976 hocloco
1100 2915 1264 2992 legitimam
1287 2913 1421 2976 adverbii
1443 2914 1506 2973 lor·

341 3029 419 3075 mam
441 3012 611 3094 recumbit)
656 3015 793 3076 Attamen
815 3017 880 3076 eius
903 3019 1050 3077 sententia
1077 3035 1137 3077 non
1165 3014 1290 3096 probata
1318 3023 1363 3077 est
1384 3024 1506 3076 nostrae

342 3117 447 3176 aetatis
468 3116 640 3177 hominibus
667 3117 808 3188 eruditiS,
837 3118 887 3196 qui
915 3115 1080 3178 tralaticiae
1103 3120 1269 3198 scripturae
1292 3118 1383 3178 variis
1404 3117 1505 3197 expla-

341 3217 515 3277 nationibus
537 3235 715 3279 succurrere
743 3225 904 3279 tentarunt.
950 3221 991 3279 Ac
1013 3218 1264 3280 Doederlinus
1292 3219 1426 3299 quidem,
1451 3221 1505 3297 qui

341 3318 429 3396 gloss.
453 3318 481 3378 ll
501 3335 532 3398 p.
557 3315 617 3380 136
645 3326 801 3399 postquam
823 3320 848 3382 A
870 3316 911 3380 99
939 3320 1115 3382 adiectivum
1138 3339 1192 3382 suo
1214 3321 1279 3381 loco
1302 3339 1366 3382 esse
1389 3321 1504 3381 iudica-

341 3423 396 3490 vit,
419 3421 468 3481 hic
485 3421 510 3501 (ξ
525 3417 597 3500 317)
613 3420 830 3482 substantivum
845 3423 931 3483 finxit
946 3419 1101 3500 ἀπριάτην
1117 3423 1183 3483 *ἀοι
1198 3423 1378 3500 ungekauite
1393 3421 1504 3491 Slrlav’,

341 3541 400 3582 non
427 3522 537 3584 multos
576 3525 725 3586 invenisse
753 3523 872 3589 ridetur
912 3526 964 3603 qui
999 3543 1067 3584 eum
1102 3531 1313 3604 sequerentur,
1347 3542 1443 3603 neque
1473 3524 1505 3583 id

342 3625 467 3684 mirum:
491 3643 558 3685 nam
581 3625 655 3686 haec
676 3621 904 3705 interpretatio,
929 3627 984 3686 etsi
1008 3626 1099 3688 solius
1113 3627 1202 3687 huius
1217 3643 1320 3687 versus
1342 3644 1431 3686 causa
1453 3643 1505 3685 ex·

342 3726 468 3801 cogitata
496 3732 557 3796 est,
587 3735 687 3789 tamen
715 3747 775 3789 non
804 3727 880 3788 bene
909 3729 937 3787 ei
960 3730 1112 3798 convenit,
1143 3748 1210 3789 cum
1238 3729 1391 3789 servitutis
1420 3728 1505 3787 notio

342 3824 379 3884 ab
402 3843 437 3884 eo
459 3825 546 3904 plane
570 3827 738 3888 abhorreat.
783 3828 827 3889 bn
849 3835 947 3908 potest
975 3826 1130 3906 ἀπριάτητ
1153 3829 1296 3911 appellari
1326 3829 1365 3908 (h.
1389 3847 1415 3888 e.
1440 3846 1504 3888 ser·

341 3945 394 3986 vus
416 3943 476 3986 non
498 3936 630 4006 emptus,
659 3947 747 4008 quem
771 3931 838 4008 quis
866 3930 943 3992 dono
966 3933 1082 4010 accepit
1103 3929 1149 3991 vel
1172 3933 1272 3992 nescio
1300 3949 1358 4010 qua
1388 3932 1505 3990 ratione

409 4177 454 4244 54)
472 4175 515 4230 Ne
538 4175 657 4236 Crates
684 4175 797 4246 quidem
823 4177 963 4248 ἀπριάτην
989 4195 1040 4249 pro
1068 4180 1200 4235 adverbio
1228 4181 1357 4249 sumpsit,
1384 4179 1433 4235 sed
1456 4180 1506 4235 ad-

340 4259 470 4315 iecbivum
494 4262 630 4329 ἀπριάτη(
653 4277 735 4314 sensu
761 4259 851 4316 activo
878 4261 1037 4331 praeditum
1064 4264 1255 4334 praeoptavit,
1282 4265 1355 4319 unde
1373 4265 1505 4335 Apollon.

340 4343 393 4402 lex.
411 4345 492 4400 Hom.
511 4351 559 4413 39,
577 4351 610 4400 28
628 4362 691 4400 eum
710 4346 864 4414 improbat:
883 4347 992 4416 Κράτης
1005 4355 1099 4403 κακῶς
1111 4351 1213 4417 γράφει
1229 4353 1305 4418 ἥρω(
1324 4351 1468 4419 ἀπριάτητ.
