3340 5164
707 380 850 478 31-

196 572 343 634 credibile
366 579 426 642 est,
450 591 518 634 cum
541 574 628 633 etiam
652 572 726 635 alios
747 577 862 634 veteres
884 573 1095 650 grammaticos
1117 577 1147 630 et
1167 572 1358 651 interpretes,

194 676 265 756 quid
290 674 472 736 discriminis
493 676 653 736 interesset
680 675 758 735 inter
781 671 843 750 ἀήρ
866 680 895 735 et
917 670 1007 750 αἰθήρ
1036 678 1066 732 et
1091 669 1248 753 οὐρανός,
1276 675 1358 734 inve·

194 778 304 854 stigare
327 785 447 838 conates
470 793 535 836 esse
558 778 701 844 sciamus,
725 776 819 836 donec
842 773 1033 837 Aristarchus
1061 773 1197 851 diligenti
1220 773 1358 835 ohserva-

194 881 275 939 tione
298 879 353 940 has
374 879 564 958 quaestiones
592 877 761 956 expediret,
791 879 878 939 cuius
905 877 1073 940 doctrinam
1101 875 1245 937 Lehrsius
1267 875 1357 936 Arist.

194 999 223 1059 p.
248 976 310 1040 164
324 1000 369 1060 sq.
392 978 546 1040 enucleate
575 979 751 1058 explanavit.
797 978 892 1040 lluius
920 979 1012 1055 igitur
1041 978 1164 1055 vestigia
1186 978 1281 1038 secuti
1308 996 1358 1038 ex·

193 1082 347 1143 ordiamur
369 1099 386 1141 a
408 1098 478 1140 voce
501 1078 610 1156 αἰθήρ,
641 1099 725 1160 quae
740 1081 814 1142 locis
835 1076 878 1141 24
905 1080 982 1160 apud
1005 1079 1167 1140 Homerum
1194 1078 1304 1156 legitur
1330 1086 1360 1140 et

192 1203 209 1246 a
232 1202 290 1263 qua
313 1179 405 1260 αἴθρη
428 1181 593 1243 derivatum
616 1179 715 1258 est.⁴⁹)
760 1184 802 1243 dc
829 1183 986 1262 perspicua
1017 1188 1062 1242 est
1088 1181 1250 1261 explicatio
1272 1180 1358 1241 scho-

191 1285 295 1345 liastae
320 1283 422 1345 Veneti
446 1284 480 1344 ad
506 1282 528 1344 Β
550 1279 628 1344 458;
663 1281 738 1346 καθ’
770 1281 916 1359 Ὅμηρον
943 1287 1074 1359 πρῶτος
1096 1277 1163 1346 ἀπὸ
1191 1284 1249 1359 γῆς
1276 1280 1357 1346 ἐςτιν

192 1383 211 1448 ὁ
234 1381 311 1465 ἀήρ,
341 1380 572 1461 streperas&
594 1381 677 1461 νέφη
707 1380 813 1464 αἰθήρ,
842 1382 882 1446 ὃν
908 1381 959 1446 καί
987 1381 1166 1461 ὁμωνύμως
1186 1388 1232 1466 τῷ
1255 1402 1357 1461 ςτερε-

191 1485 273 1568 μνῖψ
297 1483 440 1562 οὐρανὸν
464 1485 560 1548 καλεῖ.
606 1483 679 1545 Cum
708 1485 755 1546 his
783 1485 957 1565 conspirant
979 1504 1054 1565 quae
1078 1485 1244 1566 Hesychius
1267 1487 1358 1546 tradit

191 1608 215 1650 s.
239 1608 266 1649 v.
289 1584 395 1665 αἰθήρ·
419 1585 437 1649 ὁ
459 1584 541 1663 ὑπὲρ
563 1585 603 1649 τὰ
625 1585 709 1666 νέφη
732 1583 842 1649 τόπος.
864 1584 1011 1664 Αἰθέρος·
1033 1583 1131 1664 ἀέρος
1152 1585 1172 1664 ῆ
1194 1590 1253 1650 τοῦ
1276 1586 1356 1665 ὑπὲρ

191 1687 248 1752 τὸν
272 1685 353 1765 ἀέρα
375 1685 472 1752 ὄντος
495 1697 526 1750 et
548 1688 651 1768 Steph.
675 1688 746 1768 Byr.
776 1685 795 1749 ὸ
823 1684 904 1765 ὑπὲρ
931 1687 989 1752 τὸν
1018 1687 1097 1766 ἀέρα
1124 1688 1357 1768 πεπυρωμένος

190 1789 299 1854 τόπος.
344 1789 442 1861 Quare
466 1809 541 1870 quae
565 1808 582 1850 a
605 1798 683 1850 terra
713 1792 744 1851 in
774 1791 894 1852 aethera
925 1791 1104 1861 escendunt,
1135 1797 1203 1852 aera
1232 1810 1356 1873 percur-

190 1911 259 1953 rere
283 1893 436 1953 dicnntur:
467 1888 495 1952 Ξ
516 1887 580 1953 288
609 1891 737 1952 Somnus
758 1893 789 1951 in
814 1889 941 1951 abietem
965 1910 996 1953 se
1019 1894 1150 1964 confert,
1180 1889 1294 1968 ἣτότ’
1321 1891 1356 1957 ἐν

189 1993 253 2074 Ἴδῃ
281 1990 462 2070 μακροτάτη
492 1992 636 2071 πεφυυῖα
663 1983 719 2055 ’δι’
747 1990 863 2069 ἠέρος
891 1989 995 2070 αἰθέρ’
1019 1990 1145 2076 ἵκανεν,
1175 2004 1204 2055 et
1230 1996 1357 2055 invicem

97 2113 99 2118 ·
189 2091 300 2157 1350
327 2095 458 2155 Minerva
487 2097 517 2155 in
550 2103 663 2155 terram
692 2093 832 2155 devolans
864 2092 1009 2170 οὐρανοῦ
1036 2092 1072 2159 ἐκ
1100 2093 1280 2158 κατέπαλτο
1309 2092 1363 2158 δι’

189 2193 371 2277 αἰθέρος,
405 2203 493 2276 atque
524 2195 576 2256 ubi
599 2195 746 2256 llomerus
773 2197 888 2276 poetica
916 2198 1042 2277 quadam
1070 2195 1232 2280 ὑπερβολῇ
1262 2200 1357 2259 utitur

190 2299 227 2358 ad
255 2315 400 2360 summam
430 2295 621 2358 indicandam
657 2296 857 2368 altitudinem,
892 2294 985 2375 αἰθήρ
1013 2299 1118 2360 eodem
1148 2300 1235 2361 modo
1263 2303 1356 2380 ponit,

190 2418 248 2479 quo
282 2400 367 2460 latini
401 2407 506 2478 poetae
538 2400 641 2460 sidero
674 2417 785 2478 ponere
814 2399 925 2470 solent,
958 2408 991 2460 ut
1014 2400 1099 2462 Ovid.
1124 2409 1205 2486 met.
1237 2401 1288 2462 Vll
1315 2398 1355 2463 61

189 2504 301 2562 vertice
327 2503 431 2561 sidera
465 2508 605 2576 tonnam,
634 2499 720 2578 Verg.
756 2501 830 2562 hen.
858 2501 885 2562 ll
913 2497 977 2563 222
1009 2505 1159 2564 clamores
1187 2505 1357 2566 horrendos

188 2604 232 2663 ad
249 2604 354 2664 sidero
376 2605 469 2676 tollit,
494 2602 551 2662 alia
579 2593 684 2662 multa:
708 2600 735 2664 0
757 2598 820 2663 686
848 2605 921 2664 Aiax
951 2601 1106 2682 ςμερδνόν
1131 2603 1240 2683 βοόων
1264 2623 1355 2666 naves

188 2705 353 2784 percurrit:
377 2702 471 2781 φωνῆ
493 2701 528 2766 δέ
551 2701 582 2764 οἵ
604 2700 707 2779 αἰθέρ’
733 2700 859 2776 ἵκανεν,
889 2701 994 2767 (2θῖ
1018 2703 1062 2768 ὡς
1090 2704 1124 2768 δ’
1150 2704 1205 2769 ὅτε
1233 2705 1356 2771 καπνὸς

188 2803 246 2868 ἰὼν
270 2802 302 2870 ἐξ
324 2800 436 2868 ἀςτεος
458 2802 563 2881 αἰθέρ’
584 2801 701 2883 ἱκάνει,
731 2803 805 2865 ibid.
829 2801 893 2865 214
914 2802 961 2866 ὣς
983 2803 1044 2869 ἀπ’
1071 2805 1237 2885 Ἀχιλλῆος
1258 2823 1355 2888 κεφα-

188 2908 246 2983 λῆς
269 2905 362 2968 ςέλας
384 2901 486 2982 αἰθέρ’
506 2902 635 2984 ἵκανεν,
658 2902 761 2968 Τ379
784 2903 829 2968 ihc
851 2903 915 2970 ἀπ’
936 2905 1104 2985 Ἀχιλλῆος
1127 2907 1238 2973 ςάκεος
1261 2908 1353 2974 ςέλας

188 3006 292 3085 αἰθέρ’
312 3005 440 3084 ἵκανεν,
464 3007 489 3070 Ν
513 3005 575 3071 837
598 3006 658 3087 ἠχὴ
682 3005 717 3070 δ’
743 3003 938 3086 ἀμφοτέρων
959 3006 1041 3073 ἵκετ’
1068 3007 1178 3087 αἰθέρα
1199 3010 1252 3075 καὶ
1271 3011 1354 3078 Διὸς

186 3107 299 3191 αὐγάς,
316 3129 334 3172 τ
348 3105 413 3172 540
427 3107 492 3174 ὁδ’
507 3107 540 3172 ές
555 3107 666 3187 αἰθέρα
680 3110 753 3173 οἵαν
774 3106 886 3188 ἀέρθη,
916 3109 969 3172 ubi
981 3110 1016 3171 de
1033 3113 1131 3191 aquila
1152 3116 1261 3192 agitur,
1279 3133 1354 3196 quae

187 3212 284 3273 volatu
307 3211 354 3272 vel
381 3211 477 3273 nubes
499 3214 637 3272 excessit.
683 3211 741 3273 Sed
769 3218 869 3273 tamen
900 3212 1062 3274 discrimen
1093 3216 1254 3278 intercedit
1275 3219 1354 3279 inter

187 3311 326 3390 αἰθέρα
342 3321 372 3374 et
387 3311 578 3390 οὐρανόν;
595 3315 670 3376 hanc
687 3315 765 3374 enim
782 3317 1023 3394 superiorem,
1038 3317 1119 3378 illam
1134 3319 1352 3381 inferiorem

187 3422 303 3495 partem
327 3415 408 3476 illius
430 3415 561 3494 regionis
590 3413 726 3477 caelestis
756 3433 835 3485 esse,
865 3434 940 3496 quae
970 3424 1015 3478 est
1043 3418 1119 3479 ultra
1141 3419 1250 3490 nuheS,
1279 3421 1353 3482 haec

186 3516 281 3578 hahes
303 3516 496 3578 documenta:
521 3515 544 3580 B
566 3512 628 3578 458
651 3514 696 3580 tic
716 3520 782 3580 τῶν
806 3513 992 3595 ἐρχομένων
1018 3515 1083 3583 ἀπὸ
1099 3521 1220 3597 χαλκοῦ
1243 3525 1352 3585 θεςπε-

254 3750 298 3819 49)
317 3748 372 3804 Gfr.
390 3748 591 3804 Eustathius
610 3753 683 3815 1121,
697 3755 737 3804 39.
750 3750 837 3804 4ἀθτι
855 3751 886 3805 ἐκ
898 3755 949 3820 τῆς
968 3751 1077 3820 αἰθέρος
1094 3757 1206 3821 γενικῆς
1224 3756 1350 3825 γέγονεν,

186 3837 226 3891 ὡς
244 3836 337 3902 ἐκτης
349 3835 482 3902 γαςτέρος
499 3835 604 3903 γάςτρη
624 3837 669 3889 καὶ
683 3836 804 3903 πατέρος
822 3835 925 3905 πάτρη.
943 3835 1082 3892 Vocabuli
1099 3837 1183 3907 αἰθήρ
1200 3839 1275 3896 idem
1293 3848 1351 3908 697,

187 3924 218 3974 13
237 3920 266 3975 et
284 3923 341 3983 982,
362 3925 395 3974 34
413 3918 553 3988 duplicem
569 3919 679 3990 profert
697 3918 924 3990 originationem,
944 3939 1007 3978 eum
1024 3922 1107 3992 αἰθήρ
1124 3926 1232 3992 ἢπαρά
1249 3927 1284 3979 τὸ
1301 3927 1351 3980 αἰ-

186 4009 272 4070 θειν,
301 4006 317 4058 δ
336 4005 392 4058 ἐςτι
416 4004 504 4059 καίειν
522 4007 568 4059 καὶ
589 4006 710 4071 λάμπειν
726 4007 744 4072 ἢ
763 4007 840 4072 παρὰ
857 4008 892 4061 τὸ
911 4008 954 4062 άεί
971 4008 1064 4062 θέειν
1082 4007 1274 4067 deducendum
1291 4027 1350 4066 esse

186 4088 269 4146 dicat.
305 4087 385 4152 Quod
402 4087 525 4143 hausisse
543 4088 655 4143 videtur
672 4105 707 4144 ex
724 4087 928 4158 Aristotele,
951 4090 1000 4159 qui
1022 4091 1057 4146 de
1080 4092 1157 4149 caelo
1174 4093 1188 4146 Ι
1205 4100 1221 4150 3
1239 4095 1349 4150 Anaxa-

185 4188 285 4242 goram
307 4171 375 4226 dicit
397 4172 480 4241 αἰθῆρ
508 4173 544 4226 ab
567 4173 692 4228 αἰθεςθαι
718 4172 857 4229 derivasse
871 4173 913 4228 'et
933 4175 993 4245 ipse
1020 4177 1147 4244 seqnitur
1172 4176 1350 4235 Platonem

185 4255 288 4326 Cratyl.
307 4262 357 4311 410
369 4256 405 4310 B:
424 4257 477 4311 τὸν
491 4295 497 4312 .
511 4297 518 4309 .
530 4257 599 4326 ἀέρα
614 4301 619 4312 ,
634 4299 640 4312 .
653 4261 697 4312 ὅτι
715 4259 768 4314 ἀεὶ
792 4263 844 4313 θεῖ
870 4263 935 4328 περὶ
958 4261 1010 4314 τὸν
1033 4262 1101 4330 ἀέρα
1123 4263 1214 4329 ῥέων,
1237 4263 1349 4333 ἀειθεὴρ

185 4342 299 4398 δικαίως
318 4342 353 4394 ἂν
365 4344 489 4400 καλοῖτο,
525 4339 676 4398 Praeterea
693 4344 742 4396 cfr.
761 4341 793 4397 θ.
813 4341 922 4398 (turtius
940 4345 1024 4413 etym.
1042 4362 1084 4414 gr.
1101 4362 1129 4416 p.
1142 4349 1193 4400 225
1210 4363 1236 4401 n.
1249 4353 1306 4403 ³02.
