<?xml version="1.0" encoding="UTF-8"?>
<!DOCTYPE html PUBLIC "-//W3C//DTD XHTML 1.0 Transitional//EN"
    "http://www.w3.org/TR/xhtml1/DTD/xhtml1-transitional.dtd">
<html xmlns="http://www.w3.org/1999/xhtml" xml:lang="en" lang="en">
 <head>
  <title>
</title>
<meta http-equiv="Content-Type" content="text/html;charset=utf-8" />
  <meta name='ocr-system' content='tesseract 3.04.00' />
  <meta name='ocr-capabilities' content='ocr_page ocr_carea ocr_par ocr_line ocrx_word'/>
</head>
<body>
  <div class='ocr_page' id='page_1' title='image "./derhianicretens00mayhgoog_0099.png"; bbox 0 0 3340 5164; ppageno 0'>
   <div class='ocr_carea' id='block_1_1' title="bbox 818 331 970 426">
    <p class='ocr_par' dir='ltr' id='par_1_1' title="bbox 818 331 970 426">
     <span class='ocr_line' id='line_1_1' title="bbox 818 331 970 426; baseline 0 -34"><span class='ocrx_word' id='word_1_1' title='bbox 818 331 970 426; x_wconf 37' lang='grc' dir='ltr'><strong>Α</strong></span> 
     </span>
    </p>
   </div>
   <div class='ocr_carea' id='block_1_2' title="bbox 309 519 1476 1105">
    <p class='ocr_par' dir='ltr' id='par_1_2' title="bbox 309 519 1476 1105">
     <span class='ocr_line' id='line_1_2' title="bbox 395 519 1474 601; baseline 0.002 -20"><span class='ocrx_word' id='word_1_2' title='bbox 395 521 476 582; x_wconf 87' lang='lat' dir='ltr'><strong>Haec</strong></span> <span class='ocrx_word' id='word_1_3' title='bbox 499 521 563 581; x_wconf 86' lang='lat' dir='ltr'><strong>lere</strong></span> <span class='ocrx_word' id='word_1_4' title='bbox 586 529 670 589; x_wconf 89' lang='lat' dir='ltr'><strong>sunl,</strong></span> <span class='ocrx_word' id='word_1_5' title='bbox 705 537 782 601; x_wconf 90' lang='lat' dir='ltr'><strong>quae</strong></span> <span class='ocrx_word' id='word_1_6' title='bbox 811 519 848 580; x_wconf 91' lang='lat' dir='ltr'><strong>de</strong></span> <span class='ocrx_word' id='word_1_7' title='bbox 883 528 988 579; x_wconf 85' lang='lat' dir='ltr'><strong>natura</strong></span> <span class='ocrx_word' id='word_1_8' title='bbox 1022 527 1050 578; x_wconf 85' lang='lat' dir='ltr'><strong>et</strong></span> <span class='ocrx_word' id='word_1_9' title='bbox 1075 521 1191 580; x_wconf 88' lang='lat' dir='ltr'><strong>ratione</strong></span> <span class='ocrx_word' id='word_1_10' title='bbox 1215 521 1289 581; x_wconf 85' lang='lat' dir='ltr'><strong>artis</strong></span> <span class='ocrx_word' id='word_1_11' title='bbox 1312 524 1474 583; x_wconf 86' lang='lat' dir='ltr'><strong>criticaea</strong></span> 
     </span>
     <span class='ocr_line' id='line_1_3' title="bbox 309 620 1473 708; baseline -0.002 -23"><span class='ocrx_word' id='word_1_12' title='bbox 309 624 425 685; x_wconf 88' lang='lat' dir='ltr'><strong>Rhiano</strong></span> <span class='ocrx_word' id='word_1_13' title='bbox 448 624 600 684; x_wconf 86' lang='lat' dir='ltr'><strong>iactitatae</strong></span> <span class='ocrx_word' id='word_1_14' title='bbox 624 623 767 700; x_wconf 84' lang='lat' dir='ltr'><strong>cognosci</strong></span> <span class='ocrx_word' id='word_1_15' title='bbox 788 639 876 701; x_wconf 91' lang='lat' dir='ltr'><strong>posse</strong></span> <span class='ocrx_word' id='word_1_16' title='bbox 900 621 1040 682; x_wconf 84' lang='lat' dir='ltr'><strong>arbitrer.</strong></span> <span class='ocrx_word' id='word_1_17' title='bbox 1071 620 1151 690; x_wconf 82' lang='lat' dir='ltr'>Quae</span> <span class='ocrx_word' id='word_1_18' title='bbox 1175 623 1201 682; x_wconf 92' lang='lat' dir='ltr'><strong>si</strong></span> <span class='ocrx_word' id='word_1_19' title='bbox 1225 623 1473 708; x_wconf 85' lang='lat' dir='ltr'><strong>consideraveris,</strong></span> 
     </span>
     <span class='ocr_line' id='line_1_4' title="bbox 310 722 1475 804; baseline -0.001 -19"><span class='ocrx_word' id='word_1_20' title='bbox 310 726 480 786; x_wconf 85' lang='lat' dir='ltr'><strong>confirmari</strong></span> <span class='ocrx_word' id='word_1_21' title='bbox 503 723 619 784; x_wconf 88' lang='lat' dir='ltr'><strong>videbis</strong></span> <span class='ocrx_word' id='word_1_22' title='bbox 642 731 672 784; x_wconf 87' lang='lat' dir='ltr'><strong>el</strong></span> <span class='ocrx_word' id='word_1_23' title='bbox 696 722 874 801; x_wconf 80' lang='lat' dir='ltr'>explicatius</span> <span class='ocrx_word' id='word_1_24' title='bbox 895 723 1018 802; x_wconf 83' lang='lat' dir='ltr'><strong>probari</strong></span> <span class='ocrx_word' id='word_1_25' title='bbox 1042 741 1110 782; x_wconf 90' lang='lat' dir='ltr'><strong>cnm</strong></span> <span class='ocrx_word' id='word_1_26' title='bbox 1140 723 1275 793; x_wconf 90' lang='lat' dir='ltr'><strong>laudem,</strong></span> <span class='ocrx_word' id='word_1_27' title='bbox 1305 744 1363 804; x_wconf 90' lang='lat' dir='ltr'><strong>qua</strong></span> <span class='ocrx_word' id='word_1_28' title='bbox 1385 725 1475 784; x_wconf 91' lang='lat' dir='ltr'><strong>Wol-</strong></span> 
     </span>
     <span class='ocr_line' id='line_1_5' title="bbox 310 821 1476 906; baseline 0 -20"><span class='ocrx_word' id='word_1_29' title='bbox 310 827 389 886; x_wconf 88' lang='lat' dir='ltr'><strong>lius</strong></span> <span class='ocrx_word' id='word_1_30' title='bbox 409 825 560 887; x_wconf 82' lang='lat' dir='ltr'>Rhianum</span> <span class='ocrx_word' id='word_1_31' title='bbox 583 821 760 899; x_wconf 68' lang='lat' dir='ltr'><strong>ornavilll),</strong></span> <span class='ocrx_word' id='word_1_32' title='bbox 783 832 847 883; x_wconf 87' lang='lat' dir='ltr'><strong>tum</strong></span> <span class='ocrx_word' id='word_1_33' title='bbox 870 823 915 884; x_wconf 92' lang='lat' dir='ltr'><strong>La</strong></span> <span class='ocrx_word' id='word_1_34' title='bbox 931 824 1066 884; x_wconf 87' lang='lat' dir='ltr'><strong>Roohii</strong></span> <span class='ocrx_word' id='word_1_35' title='bbox 1090 824 1180 883; x_wconf 85' lang='lat' dir='ltr'><strong>verba</strong></span> <span class='ocrx_word' id='word_1_36' title='bbox 1202 824 1221 884; x_wconf 87' lang='grc' dir='ltr'><strong>Ι.</strong></span> <span class='ocrx_word' id='word_1_37' title='bbox 1245 825 1265 885; x_wconf 87' lang='grc' dir='ltr'><strong>Ι.</strong></span> <span class='ocrx_word' id='word_1_38' title='bbox 1289 845 1319 905; x_wconf 91' lang='lat' dir='ltr'><strong>p.</strong></span> <span class='ocrx_word' id='word_1_39' title='bbox 1334 823 1386 896; x_wconf 83' lang='lat'><strong>44,</strong></span> <span class='ocrx_word' id='word_1_40' title='bbox 1410 829 1476 906; x_wconf 90' lang='lat' dir='ltr'><strong>qni·</strong></span> 
     </span>
     <span class='ocr_line' id='line_1_6' title="bbox 311 924 1475 1006; baseline 0 -20"><span class='ocrx_word' id='word_1_41' title='bbox 311 926 368 987; x_wconf 88' lang='lat' dir='ltr'><strong>bus</strong></span> <span class='ocrx_word' id='word_1_42' title='bbox 390 933 515 1006; x_wconf 83' lang='lat' dir='ltr'><strong>excepto</strong></span> <span class='ocrx_word' id='word_1_43' title='bbox 538 924 712 986; x_wconf 75' lang='lat' dir='ltr'><strong>Aristarcho</strong></span> <span class='ocrx_word' id='word_1_44' title='bbox 739 926 1008 1003; x_wconf 76' lang='lat' dir='ltr'><strong>praestantissimis</strong></span> <span class='ocrx_word' id='word_1_45' title='bbox 1034 943 1104 985; x_wconf 90' lang='lat' dir='ltr'><strong>enm</strong></span> <span class='ocrx_word' id='word_1_46' title='bbox 1133 928 1249 986; x_wconf 83' lang='lat' dir='ltr'><strong>criticis</strong></span> <span class='ocrx_word' id='word_1_47' title='bbox 1277 927 1475 988; x_wconf 86' lang='lat' dir='ltr'><strong>adnumeran-</strong></span> 
     </span>
     <span class='ocr_line' id='line_1_7' title="bbox 310 1027 684 1105; baseline -0.008 -17"><span class='ocrx_word' id='word_1_48' title='bbox 310 1029 381 1088; x_wconf 91' lang='lat' dir='ltr'><strong>dum</strong></span> <span class='ocrx_word' id='word_1_49' title='bbox 403 1046 467 1088; x_wconf 89' lang='lat' dir='ltr'><strong>esse</strong></span> <span class='ocrx_word' id='word_1_50' title='bbox 490 1027 684 1105; x_wconf 85' lang='lat' dir='ltr'><strong>praedicavit.</strong></span> 
     </span>
    </p>
   </div>
   <div class='ocr_carea' id='block_1_3' title="bbox 311 1308 1492 2642">
    <p class='ocr_par' dir='ltr' id='par_1_3' title="bbox 311 1308 1477 1548">
     <span class='ocr_line' id='line_1_8' title="bbox 311 1308 1477 1380; baseline 0 -15"><span class='ocrx_word' id='word_1_51' title='bbox 311 1310 479 1366; x_wconf 81' lang='lat' dir='ltr'><strong>cautioribus</strong></span> <span class='ocrx_word' id='word_1_52' title='bbox 497 1310 652 1365; x_wconf 76' lang='lat' dir='ltr'><strong>editoribus</strong></span> <span class='ocrx_word' id='word_1_53' title='bbox 674 1308 754 1363; x_wconf 88' lang='lat' dir='ltr'><strong>Imm.</strong></span> <span class='ocrx_word' id='word_1_54' title='bbox 778 1309 955 1364; x_wconf 82' lang='lat' dir='ltr'><strong>Bekkerus</strong></span> <span class='ocrx_word' id='word_1_55' title='bbox 977 1310 1007 1363; x_wconf 91' lang='lat' dir='ltr'><strong>in</strong></span> <span class='ocrx_word' id='word_1_56' title='bbox 1023 1311 1131 1364; x_wconf 86' lang='lat' dir='ltr'><strong>textum</strong></span> <span class='ocrx_word' id='word_1_57' title='bbox 1157 1312 1264 1380; x_wconf 89' lang='lat' dir='ltr'><strong>recepit</strong></span> <span class='ocrx_word' id='word_1_58' title='bbox 1285 1317 1309 1364; x_wconf 81' lang='lat'><strong>4.</strong></span> <span class='ocrx_word' id='word_1_59' title='bbox 1328 1316 1352 1365; x_wconf 77' lang='lat'><strong>7.</strong></span> <span class='ocrx_word' id='word_1_60' title='bbox 1378 1318 1477 1369; x_wconf 87' lang='lat'>10.11.</span> 
     </span>
     <span class='ocr_line' id='line_1_9' title="bbox 313 1394 1477 1465; baseline 0.001 -17"><span class='ocrx_word' id='word_1_61' title='bbox 313 1402 352 1450; x_wconf 87' lang='grc'><strong>13.</strong></span> <span class='ocrx_word' id='word_1_62' title='bbox 371 1401 412 1448; x_wconf 81' lang='lat'><strong>20.</strong></span> <span class='ocrx_word' id='word_1_63' title='bbox 430 1401 471 1448; x_wconf 81' lang='lat'><strong>24.</strong></span> <span class='ocrx_word' id='word_1_64' title='bbox 490 1401 531 1448; x_wconf 80' lang='lat'><strong>25.</strong></span> <span class='ocrx_word' id='word_1_65' title='bbox 549 1401 595 1460; x_wconf 86' lang='grc'><strong>39,</strong></span> <span class='ocrx_word' id='word_1_66' title='bbox 620 1411 710 1465; x_wconf 87' lang='lat' dir='ltr'><strong>paene</strong></span> <span class='ocrx_word' id='word_1_67' title='bbox 736 1410 831 1449; x_wconf 88' lang='lat' dir='ltr'><strong>omnes</strong></span> <span class='ocrx_word' id='word_1_68' title='bbox 859 1394 980 1448; x_wconf 86' lang='lat' dir='ltr'><strong>editores</strong></span> <span class='ocrx_word' id='word_1_69' title='bbox 1006 1397 1172 1463; x_wconf 88' lang='lat' dir='ltr'><strong>receperunt</strong></span> <span class='ocrx_word' id='word_1_70' title='bbox 1199 1401 1221 1448; x_wconf 77' lang='lat' dir='ltr'><strong>l.</strong></span> <span class='ocrx_word' id='word_1_71' title='bbox 1246 1402 1285 1449; x_wconf 92' lang='lat'><strong>11.</strong></span> <span class='ocrx_word' id='word_1_72' title='bbox 1311 1401 1351 1449; x_wconf 80' lang='lat'><strong>20.</strong></span> <span class='ocrx_word' id='word_1_73' title='bbox 1375 1402 1416 1453; x_wconf 80' lang='lat'><strong>25.</strong></span> <span class='ocrx_word' id='word_1_74' title='bbox 1435 1402 1477 1463; x_wconf 83' lang='lat'><strong>39,</strong></span> 
     </span>
     <span class='ocr_line' id='line_1_10' title="bbox 311 1477 1171 1548; baseline -0.001 -16"><span class='ocrx_word' id='word_1_75' title='bbox 311 1478 525 1533; x_wconf 88' lang='lat' dir='ltr'><strong>Duentzerus</strong></span> <span class='ocrx_word' id='word_1_76' title='bbox 543 1480 572 1533; x_wconf 86' lang='lat' dir='ltr'><strong>et</strong></span> <span class='ocrx_word' id='word_1_77' title='bbox 589 1477 633 1532; x_wconf 90' lang='lat' dir='ltr'><strong>La</strong></span> <span class='ocrx_word' id='word_1_78' title='bbox 650 1478 799 1532; x_wconf 83' lang='lat' dir='ltr'><strong>Rochiue</strong></span> <span class='ocrx_word' id='word_1_79' title='bbox 816 1478 1009 1548; x_wconf 89' lang='lat' dir='ltr'><strong>probaverunt</strong></span> <span class='ocrx_word' id='word_1_80' title='bbox 1026 1477 1111 1532; x_wconf 89' lang='lat' dir='ltr'><strong>etiarn</strong></span> <span class='ocrx_word' id='word_1_81' title='bbox 1130 1485 1171 1533; x_wconf 88' lang='lat'><strong>13.</strong></span> 
     </span>
    </p>

    <p class='ocr_par' dir='ltr' id='par_1_4' title="bbox 312 1561 1492 2642">
     <span class='ocr_line' id='line_1_11' title="bbox 379 1561 1488 1634; baseline 0.001 -18"><span class='ocrx_word' id='word_1_82' title='bbox 379 1565 423 1630; x_wconf 83' lang='grc'><strong>60)</strong></span> <span class='ocrx_word' id='word_1_83' title='bbox 442 1561 496 1616; x_wconf 74' lang='lat' dir='ltr'><strong>cfr.</strong></span> <span class='ocrx_word' id='word_1_84' title='bbox 516 1563 623 1632; x_wconf 85' lang='lat' dir='ltr'><strong>proleg.</strong></span> <span class='ocrx_word' id='word_1_85' title='bbox 635 1581 663 1634; x_wconf 88' lang='lat' dir='ltr'><strong>p.</strong></span> <span class='ocrx_word' id='word_1_86' title='bbox 677 1568 726 1617; x_wconf 85' lang='lat'><strong>188</strong></span> <span class='ocrx_word' id='word_1_87' title='bbox 744 1567 801 1616; x_wconf 89' lang='lat' dir='ltr'><strong>not.</strong></span> <span class='ocrx_word' id='word_1_88' title='bbox 814 1568 859 1616; x_wconf 77' lang='lat'><strong>57:</strong></span> <span class='ocrx_word' id='word_1_89' title='bbox 885 1562 952 1615; x_wconf 82' lang='lat' dir='ltr'><strong>‘duo</strong></span> <span class='ocrx_word' id='word_1_90' title='bbox 969 1561 1015 1616; x_wconf 85' lang='lat' dir='ltr'><strong>vel</strong></span> <span class='ocrx_word' id='word_1_91' title='bbox 1032 1561 1089 1616; x_wconf 87' lang='lat' dir='ltr'><strong>tria</strong></span> <span class='ocrx_word' id='word_1_92' title='bbox 1101 1580 1134 1616; x_wconf 87' lang='lat' dir='ltr'><strong>ex</strong></span> <span class='ocrx_word' id='word_1_93' title='bbox 1152 1563 1195 1616; x_wconf 88' lang='lat' dir='ltr'><strong>his</strong></span> <span class='ocrx_word' id='word_1_94' title='bbox 1213 1562 1410 1632; x_wconf 86' lang='lat' dir='ltr'><strong>speciminibus</strong></span> <span class='ocrx_word' id='word_1_95' title='bbox 1427 1564 1488 1618; x_wconf 51' lang='lat' dir='ltr'><strong>haeb</strong></span> 
     </span>
     <span class='ocr_line' id='line_1_12' title="bbox 312 1646 1478 1718; baseline 0.002 -18"><span class='ocrx_word' id='word_1_96' title='bbox 312 1647 382 1701; x_wconf 86' lang='lat' dir='ltr'><strong>bant</strong></span> <span class='ocrx_word' id='word_1_97' title='bbox 416 1646 491 1713; x_wconf 90' lang='lat' dir='ltr'><strong>quod</strong></span> <span class='ocrx_word' id='word_1_98' title='bbox 525 1646 607 1700; x_wconf 89' lang='lat' dir='ltr'><strong>valde</strong></span> <span class='ocrx_word' id='word_1_99' title='bbox 643 1646 806 1715; x_wconf 83' lang='lat' dir='ltr'><strong>displiceat3</strong></span> <span class='ocrx_word' id='word_1_100' title='bbox 841 1649 934 1700; x_wconf 87' lang='lat' dir='ltr'><strong>cetera</strong></span> <span class='ocrx_word' id='word_1_101' title='bbox 963 1647 1120 1700; x_wconf 86' lang='lat' dir='ltr'><strong>modestum</strong></span> <span class='ocrx_word' id='word_1_102' title='bbox 1149 1647 1203 1700; x_wconf 86' lang='lat' dir='ltr'><strong>viri</strong></span> <span class='ocrx_word' id='word_1_103' title='bbox 1236 1647 1381 1715; x_wconf 84' lang='lat' dir='ltr'><strong>ingenium</strong></span> <span class='ocrx_word' id='word_1_104' title='bbox 1414 1664 1478 1718; x_wconf 88' lang='lat' dir='ltr'><strong>pro·</strong></span> 
     </span>
     <span class='ocr_line' id='line_1_13' title="bbox 313 1730 1492 1800; baseline -0.001 -13"><span class='ocrx_word' id='word_1_105' title='bbox 313 1733 402 1798; x_wconf 88' lang='lat' dir='ltr'><strong>dunt’,</strong></span> <span class='ocrx_word' id='word_1_106' title='bbox 419 1747 470 1786; x_wconf 89' lang='lat' dir='ltr'><strong>neo</strong></span> <span class='ocrx_word' id='word_1_107' title='bbox 487 1731 604 1784; x_wconf 87' lang='lat' dir='ltr'><strong>Wolfius</strong></span> <span class='ocrx_word' id='word_1_108' title='bbox 621 1734 717 1784; x_wconf 89' lang='lat' dir='ltr'><strong>tamen</strong></span> <span class='ocrx_word' id='word_1_109' title='bbox 734 1731 796 1800; x_wconf 91' lang='lat' dir='ltr'><strong>plus</strong></span> <span class='ocrx_word' id='word_1_110' title='bbox 815 1747 899 1800; x_wconf 93' lang='lat' dir='ltr'><strong>quam</strong></span> <span class='ocrx_word' id='word_1_111' title='bbox 912 1730 1008 1786; x_wconf 89' lang='lat' dir='ltr'><strong>decem</strong></span> <span class='ocrx_word' id='word_1_112' title='bbox 1026 1731 1160 1785; x_wconf 88' lang='lat' dir='ltr'><strong>lectiones</strong></span> <span class='ocrx_word' id='word_1_113' title='bbox 1178 1730 1273 1785; x_wconf 79' lang='lat' dir='ltr'><strong>Iliadis</strong></span> <span class='ocrx_word' id='word_1_114' title='bbox 1291 1734 1415 1787; x_wconf 82' lang='lat' dir='ltr'><strong>noverat</strong></span> <span class='ocrx_word' id='word_1_115' title='bbox 1434 1733 1492 1796; x_wconf 76' lang='lat' dir='ltr'><strong>Ad.</strong></span> 
     </span>
     <span class='ocr_line' id='line_1_14' title="bbox 312 1813 1477 1884; baseline 0 -15"><span class='ocrx_word' id='word_1_116' title='bbox 312 1816 382 1870; x_wconf 90' lang='lat' dir='ltr'><strong>haec</strong></span> <span class='ocrx_word' id='word_1_117' title='bbox 394 1816 480 1870; x_wconf 90' lang='lat' dir='ltr'><strong>verba</strong></span> <span class='ocrx_word' id='word_1_118' title='bbox 498 1814 635 1868; x_wconf 85' lang='lat' dir='ltr'><strong>Saalius</strong></span> <span class='ocrx_word' id='word_1_119' title='bbox 652 1833 679 1884; x_wconf 90' lang='lat' dir='ltr'><strong>p.</strong></span> <span class='ocrx_word' id='word_1_120' title='bbox 694 1821 727 1870; x_wconf 84' lang='lat'><strong>65</strong></span> <span class='ocrx_word' id='word_1_121' title='bbox 745 1814 840 1868; x_wconf 88' lang='lat' dir='ltr'><strong>Wolfii</strong></span> <span class='ocrx_word' id='word_1_122' title='bbox 857 1813 988 1868; x_wconf 90' lang='lat' dir='ltr'><strong>iudicium</strong></span> <span class='ocrx_word' id='word_1_123' title='bbox 1007 1814 1128 1883; x_wconf 89' lang='lat' dir='ltr'><strong>quodam</strong></span> <span class='ocrx_word' id='word_1_124' title='bbox 1140 1817 1224 1872; x_wconf 93' lang='lat' dir='ltr'><strong>modo</strong></span> <span class='ocrx_word' id='word_1_125' title='bbox 1237 1817 1410 1871; x_wconf 88' lang='lat' dir='ltr'><strong>correcturus</strong></span> <span class='ocrx_word' id='word_1_126' title='bbox 1428 1817 1477 1870; x_wconf 90' lang='lat' dir='ltr'><strong>ad-</strong></span> 
     </span>
     <span class='ocr_line' id='line_1_15' title="bbox 313 1899 1477 1969; baseline 0 -15"><span class='ocrx_word' id='word_1_127' title='bbox 313 1901 395 1956; x_wconf 82' lang='lat' dir='ltr'><strong>didit:</strong></span> <span class='ocrx_word' id='word_1_128' title='bbox 420 1900 536 1954; x_wconf 82' lang='lat' dir='ltr'><strong>‘scilicet</strong></span> <span class='ocrx_word' id='word_1_129' title='bbox 558 1899 611 1952; x_wconf 91' lang='lat' dir='ltr'><strong>hoc</strong></span> <span class='ocrx_word' id='word_1_130' title='bbox 633 1899 772 1953; x_wconf 79' lang='lat' dir='ltr'><strong>fateamur</strong></span> <span class='ocrx_word' id='word_1_131' title='bbox 794 1915 907 1952; x_wconf 87' lang='lat' dir='ltr'><strong>necesse</strong></span> <span class='ocrx_word' id='word_1_132' title='bbox 930 1901 974 1953; x_wconf 85' lang='lat' dir='ltr'><strong>est</strong></span> <span class='ocrx_word' id='word_1_133' title='bbox 992 1901 1139 1966; x_wconf 83' lang='lat' dir='ltr'><strong>(qnantum</strong></span> <span class='ocrx_word' id='word_1_134' title='bbox 1161 1901 1274 1969; x_wconf 84' lang='lat' dir='ltr'><strong>qnidam</strong></span> <span class='ocrx_word' id='word_1_135' title='bbox 1297 1918 1331 1954; x_wconf 84' lang='lat' dir='ltr'><strong>ex</strong></span> <span class='ocrx_word' id='word_1_136' title='bbox 1348 1901 1417 1954; x_wconf 85' lang='lat' dir='ltr'><strong>locis</strong></span> <span class='ocrx_word' id='word_1_137' title='bbox 1435 1918 1477 1954; x_wconf 87' lang='lat' dir='ltr'><strong>su·</strong></span> 
     </span>
     <span class='ocr_line' id='line_1_16' title="bbox 312 1983 1478 2053; baseline 0.002 -16"><span class='ocrx_word' id='word_1_138' title='bbox 312 2002 365 2053; x_wconf 88' lang='lat' dir='ltr'><strong>pra</strong></span> <span class='ocrx_word' id='word_1_139' title='bbox 382 1984 475 2039; x_wconf 87' lang='lat' dir='ltr'><strong>allatis</strong></span> <span class='ocrx_word' id='word_1_140' title='bbox 493 1983 625 2052; x_wconf 86' lang='lat' dir='ltr'><strong>colligere</strong></span> <span class='ocrx_word' id='word_1_141' title='bbox 642 1991 813 2052; x_wconf 87' lang='lat' dir='ltr'><strong>possumus),</strong></span> <span class='ocrx_word' id='word_1_142' title='bbox 840 1983 924 2037; x_wconf 87' lang='lat' dir='ltr'><strong>fuisse</strong></span> <span class='ocrx_word' id='word_1_143' title='bbox 947 1984 1005 2038; x_wconf 90' lang='lat' dir='ltr'><strong>eins</strong></span> <span class='ocrx_word' id='word_1_144' title='bbox 1028 1986 1118 2039; x_wconf 85' lang='lat' dir='ltr'><strong>artem</strong></span> <span class='ocrx_word' id='word_1_145' title='bbox 1142 1985 1268 2038; x_wconf 87' lang='lat' dir='ltr'><strong>criticam</strong></span> <span class='ocrx_word' id='word_1_146' title='bbox 1294 1985 1393 2038; x_wconf 89' lang='lat' dir='ltr'><strong>nimis</strong></span> <span class='ocrx_word' id='word_1_147' title='bbox 1420 2002 1478 2039; x_wconf 92' lang='lat' dir='ltr'><strong>an-</strong></span> 
     </span>
     <span class='ocr_line' id='line_1_17' title="bbox 313 2067 1479 2138; baseline 0 -16"><span class='ocrx_word' id='word_1_148' title='bbox 313 2069 401 2123; x_wconf 87' lang='lat' dir='ltr'><strong>xiam</strong></span> <span class='ocrx_word' id='word_1_149' title='bbox 418 2068 596 2136; x_wconf 80' lang='lat' dir='ltr'><strong>rationesque</strong></span> <span class='ocrx_word' id='word_1_150' title='bbox 614 2067 643 2120; x_wconf 91' lang='lat' dir='ltr'><strong>in</strong></span> <span class='ocrx_word' id='word_1_151' title='bbox 661 2067 845 2121; x_wconf 87' lang='lat' dir='ltr'><strong>diiudicandis</strong></span> <span class='ocrx_word' id='word_1_152' title='bbox 863 2070 892 2122; x_wconf 90' lang='lat' dir='ltr'><strong>et</strong></span> <span class='ocrx_word' id='word_1_153' title='bbox 910 2068 1046 2137; x_wconf 83' lang='lat' dir='ltr'><strong>eligendis</strong></span> <span class='ocrx_word' id='word_1_154' title='bbox 1064 2069 1207 2138; x_wconf 76' lang='lat' dir='ltr'><strong>scriptume</strong></span> <span class='ocrx_word' id='word_1_155' title='bbox 1229 2069 1368 2137; x_wconf 87' lang='lat' dir='ltr'><strong>saepius</strong></span> <span class='ocrx_word' id='word_1_156' title='bbox 1385 2070 1479 2122; x_wconf 90' lang='lat' dir='ltr'><strong>haud</strong></span> 
     </span>
     <span class='ocr_line' id='line_1_18' title="bbox 314 2151 1478 2222; baseline 0.003 -17"><span class='ocrx_word' id='word_1_157' title='bbox 314 2152 535 2206; x_wconf 84' lang='lat' dir='ltr'><strong>sufficientes</strong></span> <span class='ocrx_word' id='word_1_158' title='bbox 553 2151 702 2221; x_wconf 89' lang='lat' dir='ltr'><strong>speciem</strong></span> <span class='ocrx_word' id='word_1_159' title='bbox 720 2152 831 2220; x_wconf 88' lang='lat' dir='ltr'><strong>magis</strong></span> <span class='ocrx_word' id='word_1_160' title='bbox 850 2169 949 2220; x_wconf 85' lang='lat' dir='ltr'><strong>quam</strong></span> <span class='ocrx_word' id='word_1_161' title='bbox 967 2152 1153 2207; x_wconf 87' lang='lat' dir='ltr'><strong>veritatem</strong></span> <span class='ocrx_word' id='word_1_162' title='bbox 1171 2169 1239 2222; x_wconf 91' lang='lat' dir='ltr'><strong>prae</strong></span> <span class='ocrx_word' id='word_1_163' title='bbox 1257 2169 1286 2207; x_wconf 89' lang='lat' dir='ltr'><strong>se</strong></span> <span class='ocrx_word' id='word_1_164' title='bbox 1303 2154 1397 2207; x_wconf 61' lang='lat' dir='ltr'><strong>ferre!</strong></span> <span class='ocrx_word' id='word_1_165' title='bbox 1426 2153 1478 2208; x_wconf 91' lang='lat' dir='ltr'><strong>Hic</strong></span> 
     </span>
     <span class='ocr_line' id='line_1_19' title="bbox 313 2236 1478 2307; baseline 0 -17"><span class='ocrx_word' id='word_1_166' title='bbox 313 2252 404 2291; x_wconf 88' lang='lat' dir='ltr'><strong>nonne</strong></span> <span class='ocrx_word' id='word_1_167' title='bbox 422 2254 478 2290; x_wconf 87' lang='lat' dir='ltr'><strong>nna</strong></span> <span class='ocrx_word' id='word_1_168' title='bbox 494 2237 644 2290; x_wconf 87' lang='lat' dir='ltr'><strong>verborum</strong></span> <span class='ocrx_word' id='word_1_169' title='bbox 662 2236 909 2306; x_wconf 88' lang='lat' dir='ltr'><strong>comprehensione</strong></span> <span class='ocrx_word' id='word_1_170' title='bbox 928 2237 996 2290; x_wconf 89' lang='lat' dir='ltr'><strong>duas</strong></span> <span class='ocrx_word' id='word_1_171' title='bbox 1013 2254 1058 2291; x_wconf 88' lang='lat' dir='ltr'><strong>res</strong></span> <span class='ocrx_word' id='word_1_172' title='bbox 1077 2236 1217 2305; x_wconf 90' lang='lat' dir='ltr'><strong>eloquitur</strong></span> <span class='ocrx_word' id='word_1_173' title='bbox 1240 2237 1293 2290; x_wconf 85' lang='lat' dir='ltr'><strong>sibi</strong></span> <span class='ocrx_word' id='word_1_174' title='bbox 1310 2236 1394 2307; x_wconf 89' lang='lat' dir='ltr'><strong>plane</strong></span> <span class='ocrx_word' id='word_1_175' title='bbox 1413 2254 1478 2291; x_wconf 86' lang='lat' dir='ltr'><strong>con-</strong></span> 
     </span>
     <span class='ocr_line' id='line_1_20' title="bbox 312 2320 1478 2390; baseline 0.001 -16"><span class='ocrx_word' id='word_1_176' title='bbox 312 2321 431 2375; x_wconf 83' lang='lat' dir='ltr'><strong>trarias?</strong></span> <span class='ocrx_word' id='word_1_177' title='bbox 460 2321 533 2374; x_wconf 86' lang='lat' dir='ltr'><strong>Nam</strong></span> <span class='ocrx_word' id='word_1_178' title='bbox 551 2321 599 2390; x_wconf 92' lang='lat' dir='ltr'><strong>qni</strong></span> <span class='ocrx_word' id='word_1_179' title='bbox 621 2321 730 2375; x_wconf 84' lang='lat' dir='ltr'><strong>inerte</strong></span> <span class='ocrx_word' id='word_1_180' title='bbox 753 2321 850 2375; x_wconf 84' lang='lat' dir='ltr'><strong>critica</strong></span> <span class='ocrx_word' id='word_1_181' title='bbox 868 2321 961 2374; x_wconf 85' lang='lat' dir='ltr'><strong>‘nimis</strong></span> <span class='ocrx_word' id='word_1_182' title='bbox 979 2320 1086 2374; x_wconf 86' lang='lat' dir='ltr'><strong>anxius’</strong></span> <span class='ocrx_word' id='word_1_183' title='bbox 1110 2323 1164 2387; x_wconf 88' lang='lat' dir='ltr'><strong>est,</strong></span> <span class='ocrx_word' id='word_1_184' title='bbox 1185 2321 1209 2374; x_wconf 89' lang='lat' dir='ltr'><strong>is</strong></span> <span class='ocrx_word' id='word_1_185' title='bbox 1232 2338 1316 2389; x_wconf 90' lang='lat' dir='ltr'><strong>quam</strong></span> <span class='ocrx_word' id='word_1_186' title='bbox 1336 2321 1478 2375; x_wconf 86' lang='lat' dir='ltr'><strong>rarissime</strong></span> 
     </span>
     <span class='ocr_line' id='line_1_21' title="bbox 312 2404 1478 2476; baseline 0.003 -18"><span class='ocrx_word' id='word_1_187' title='bbox 312 2405 448 2459; x_wconf 88' lang='lat' dir='ltr'><strong>traditam</strong></span> <span class='ocrx_word' id='word_1_188' title='bbox 465 2405 591 2458; x_wconf 89' lang='lat' dir='ltr'><strong>codicum</strong></span> <span class='ocrx_word' id='word_1_189' title='bbox 608 2405 772 2459; x_wconf 88' lang='lat' dir='ltr'><strong>memoriam</strong></span> <span class='ocrx_word' id='word_1_190' title='bbox 790 2407 901 2459; x_wconf 82' lang='lat' dir='ltr'><strong>mutare</strong></span> <span class='ocrx_word' id='word_1_191' title='bbox 921 2404 1048 2472; x_wconf 86' lang='lat' dir='ltr'><strong>audebit,</strong></span> <span class='ocrx_word' id='word_1_192' title='bbox 1067 2405 1236 2476; x_wconf 79' lang='lat' dir='ltr'><strong>gravissimis</strong></span> <span class='ocrx_word' id='word_1_193' title='bbox 1249 2404 1338 2459; x_wconf 88' lang='lat' dir='ltr'><strong>causis</strong></span> <span class='ocrx_word' id='word_1_194' title='bbox 1356 2421 1478 2462; x_wconf 90' lang='lat' dir='ltr'><strong>commo-</strong></span> 
     </span>
     <span class='ocr_line' id='line_1_22' title="bbox 312 2489 1478 2560; baseline 0.002 -18"><span class='ocrx_word' id='word_1_195' title='bbox 312 2492 369 2556; x_wconf 90' lang='lat' dir='ltr'><strong>tus,</strong></span> <span class='ocrx_word' id='word_1_196' title='bbox 387 2491 418 2543; x_wconf 88' lang='lat' dir='ltr'><strong>at</strong></span> <span class='ocrx_word' id='word_1_197' title='bbox 434 2504 491 2542; x_wconf 92' lang='lat' dir='ltr'><strong>non</strong></span> <span class='ocrx_word' id='word_1_198' title='bbox 507 2489 542 2543; x_wconf 88' lang='lat' dir='ltr'><strong>iis</strong></span> <span class='ocrx_word' id='word_1_199' title='bbox 560 2505 632 2558; x_wconf 89' lang='lat' dir='ltr'><strong>quae</strong></span> <span class='ocrx_word' id='word_1_200' title='bbox 659 2489 746 2544; x_wconf 77' lang='lat' dir='ltr'><strong>‘hand</strong></span> <span class='ocrx_word' id='word_1_201' title='bbox 764 2489 904 2543; x_wconf 78' lang='lat' dir='ltr'><strong>sufficiant</strong></span> <span class='ocrx_word' id='word_1_202' title='bbox 921 2489 1097 2559; x_wconf 85' lang='lat' dir='ltr'><strong>speciemque</strong></span> <span class='ocrx_word' id='word_1_203' title='bbox 1122 2491 1212 2560; x_wconf 85' lang='lat' dir='ltr'><strong>magis</strong></span> <span class='ocrx_word' id='word_1_204' title='bbox 1229 2508 1312 2559; x_wconf 91' lang='lat' dir='ltr'><strong>quem</strong></span> <span class='ocrx_word' id='word_1_205' title='bbox 1330 2490 1478 2544; x_wconf 88' lang='lat' dir='ltr'><strong>veritatem</strong></span> 
     </span>
     <span class='ocr_line' id='line_1_23' title="bbox 312 2573 558 2642; baseline -0.004 -15"><span class='ocrx_word' id='word_1_206' title='bbox 312 2589 381 2642; x_wconf 92' lang='lat' dir='ltr'><strong>prae</strong></span> <span class='ocrx_word' id='word_1_207' title='bbox 399 2589 428 2627; x_wconf 88' lang='lat' dir='ltr'><strong>se</strong></span> <span class='ocrx_word' id='word_1_208' title='bbox 445 2573 558 2627; x_wconf 61' lang='lat' dir='ltr'><strong>ferant)</strong></span> 
     </span>
    </p>
   </div>
   <div class='ocr_carea' id='block_1_4' title="bbox 0 0 1681 5164">
    <p class='ocr_par' dir='ltr' id='par_1_5' title="bbox 0 0 1681 5164">
     <span class='ocr_line' id='line_1_24' title="bbox 0 0 1681 5164; baseline 0 0"><span class='ocrx_word' id='word_1_209' title='bbox 0 0 1681 5164; x_wconf 95' lang='lat' dir='ltr'><strong> </strong></span> 
     </span>
    </p>
   </div>
  </div>
 </body>
</html>
