3340 5164
833 404 984 502 Α)-

326 598 498 667 inscientia,
523 597 721 657 necessariam
745 613 810 657 esse
827 595 995 657 affirmabit.
1027 596 1086 658 Cir.
1110 615 1185 676 qnae
1200 597 1345 658 Ameisius
1367 597 1403 657 ad
1427 597 1455 657 h.
1473 598 1492 657 l.

328 695 492 760 etacio.
516 700 535 761 θ
558 693 599 759 90
621 704 705 758 recto
730 698 891 759 adnotavit.

277 794 321 861 33
414 795 502 864 110.
547 797 728 860 Nausithous
757 797 906 860 Phaeaces
938 799 969 859 in
998 800 1125 861 insulam
1155 799 1308 861 Scheriam
1336 800 1494 861 deduxisse

328 903 430 983 ibique
453 921 558 963 novam
582 901 687 963 urbem
711 901 877 962 condidisse
900 909 1053 962 narratur:

456 1000 539 1068 εῐεεν
561 1002 598 1066 δέ
621 1000 731 1086 (χερίῃ
752 1000 825 1066 ἑκὰε
848 1000 976 1079 ἀνδρῶν
999 999 1207 1082 ἀλφηετάων,

455 1101 536 1183 ἀμφλ
557 1103 593 1167 δὲ
617 1103 722 1182 τεῖχοε
746 1102 856 1167 ἐλαεεε
878 1101 970 1167 πόλει
992 1103 1044 1166 καὶ
1066 1101 1210 1180 ἐδείματο
1234 1101 1360 1184 οἴκουε,

455 1205 507 1269 καὶ
529 1205 628 1284 νηοὺε
651 1204 762 1283 ποίητε
784 1207 885 1269 θεῶν
908 1203 960 1269 καὶ
975 1203 1121 1268 ἐδάεεατ’
1143 1203 1292 1284 ἀρούραε.

329 1308 427 1369 Schol.
452 1308 566 1372 θεῶν·
593 1303 719 1371 Ῥιανὸς
742 1305 861 1370 θεοῑε.
884 1307 920 1367 Η.
966 1308 1024 1369 Cur
1053 1308 1181 1368 dativum
1204 1308 1336 1369 Rhiauus
1357 1309 1496 1385 genetivo

329 1411 546 1490 anteposuerit,
579 1429 639 1470 non
668 1409 737 1470 satis
760 1409 863 1489 liquet.
908 1409 981 1471 Cum
1005 1407 1082 1484 νηόε
1105 1410 1166 1470 sive
1193 1407 1272 1472 ναόε
1299 1409 1359 1469 sive
1383 1409 1496 1471 Attico-

328 1530 394 1572 rum
410 1508 493 1574 νεώε
508 1512 570 1571 nisi
593 1511 629 1570 de
646 1511 769 1571 deorum
794 1509 928 1571 delubris
949 1529 1010 1571 non
1033 1511 1199 1585 diceretur,
1225 1511 1289 1571 lieri
1312 1519 1439 1590 poteret,
1464 1518 1498 1570 ut

330 1619 448 1691 putaret
475 1613 642 1690 genetivum
672 1611 772 1685 θεῶν,
806 1613 857 1692 qui
886 1611 960 1671 nihil
988 1613 1055 1671 novi
1078 1611 1159 1672 addit
1186 1611 1222 1672 ad
1244 1608 1344 1688 νηούε
1371 1619 1400 1672 et
1429 1629 1497 1672 cum

330 1714 386 1776 hoc
409 1716 587 1775 coniunctus
609 1714 755 1791 significat
777 1712 806 1773 id
830 1711 910 1793 quod
924 1712 1082 1773 vernacula
1098 1713 1197 1792 lingua
1221 1713 1346 1774 dicimus
1366 1712 1497 1774 ‘Getieu-

328 1816 462 1896 tempel',
491 1814 664 1894 languidum
691 1833 757 1875 esse
789 1815 833 1875 vel
861 1815 934 1874 adeo
963 1814 1147 1884 redundare,
1175 1822 1205 1875 et
1233 1815 1314 1894 pium
1341 1814 1497 1875 Nausithoi

330 1919 475 1987 animum,
505 1936 563 1997 quo
590 1935 649 1977 non
671 1917 759 1976 modo
781 1915 839 1977 sibi
861 1916 996 1995 suisque,
1026 1916 1078 1975 sed
1106 1916 1194 1976 etiam
1221 1915 1285 1976 deis
1312 1916 1495 1988 consuleret,

330 2019 496 2080 distinctius
530 2036 595 2079 esse
621 2015 821 2078 indicandum.
865 2017 1057 2078 Posterorum
1085 2016 1164 2077 enim
1192 2017 1374 2078 Graecorum
1403 2037 1496 2088 more,

331 2122 470 2200 quicum
493 2119 623 2180 colonias
646 2117 845 2188 deducerent,
873 2119 1039 2196 patriorum
1070 2119 1192 2182 deorum
1217 2117 1330 2180 cultum
1352 2120 1382 2181 in
1407 2138 1498 2181 novas

331 2221 417 2283 sedes
439 2220 676 2290 transferebant,
706 2220 755 2281 ille
779 2220 831 2281 ubi
852 2238 920 2280 cum
943 2220 1005 2281 suis
1027 2220 1164 2280 consedit
1185 2238 1364 2299 murumque
1393 2228 1423 2281 et
1445 2221 1497 2282 do·

331 2342 398 2384 mus
419 2322 600 2391 aedificavit,
630 2321 694 2382 deis
716 2322 766 2401 qui
788 2323 937 2400 pristinae
960 2321 1072 2400 patriae
1097 2322 1220 2382 tutelam
1249 2329 1418 2399 gesserant,
1441 2323 1498 2384 La·

331 2423 417 2485 ribus
449 2428 479 2483 et
505 2421 667 2484 Penatibus
694 2421 805 2503 templa
833 2423 978 2482 exstruxit
1005 2430 1035 2482 et
1062 2423 1259 2493 consecravit,
1292 2431 1326 2484 ut
1358 2426 1389 2484 in
1423 2442 1499 2484 nova

331 2544 448 2606 qnoque
465 2525 559 2604 patria
576 2524 759 2587 domicilium
782 2525 819 2585 iis
835 2525 1076 2585 constitueretur.
1108 2525 1247 2586 Fortasse
1263 2525 1398 2587 Rhianus
1419 2525 1499 2586 hunc

332 2627 462 2688 dativum
485 2627 573 2687 simul
588 2625 625 2686 ad
641 2623 788 2688 ἐδάεεατ’
810 2622 952 2703 ἀρούραε
971 2622 1125 2705 pertinere
1141 2626 1247 2697 voluit,
1270 2633 1304 2686 ut
1318 2625 1500 2688 Nausithous

332 2729 395 2790 deis
417 2747 477 2789 non
499 2728 594 2790 solum
623 2727 732 2808 templa
760 2726 984 2797 exaedificasset,
1012 2746 1115 2788 verum
1143 2729 1233 2788 etiam
1261 2725 1405 2804 ἀρούραε
1428 2731 1447 2788 i.
1471 2747 1498 2790 e.

330 2827 459 2908 τεμένη,
484 2848 571 2909 agros
594 2848 694 2891 sacros
717 2829 859 2889 dicavisse
882 2828 1048 2900 diceretur;
1070 2829 1128 2889 nisi
1149 2835 1282 2890 statuere
1304 2830 1406 2900 mavis,
1430 2849 1498 2891 eum

332 2931 408 2993 hane
430 2931 588 2993 lectionem
611 2949 647 2991 ex
670 2936 785 2991 vetusto
808 2930 972 3009 exemplari
994 2931 1154 3010 recepisse.
1190 2929 1232 2992 lta
1255 2939 1336 2992 certe
1360 2930 1498 2992 facillime

333 3033 510 3113 explicatur,
535 3050 589 3094 cur
611 3033 778 3111 genetivum
802 3032 973 3101 mutaverit,
997 3034 1049 3111 qui
1071 3040 1240 3093 ceterorum
1261 3031 1405 3094 librorum
1429 3050 1499 3092 con·

334 3137 472 3197 firmatur
494 3137 670 3196 auctoritate
693 3152 749 3194 nec
772 3135 931 3213 quicquam
953 3130 1059 3203 habet,
1082 3133 1161 3213 quod
1184 3134 1248 3194 iure
1264 3133 1478 3213 reprehendas.

283 3228 327 3295 34
418 3237 435 3300 Ζ
470 3231 526 3307 44,
563 3236 615 3298 αλλ
652 3235 809 3314 Olympus,
853 3233 976 3295 deorum
1015 3234 1114 3305 sedes,
1157 3234 1281 3296 uberius
1316 3234 1498 3314 depingitur,

333 3336 473 3415 legimus:

536 3434 610 3499 οὔτ’
632 3434 773 3515 ἀνέμοιει
794 3434 969 3501 τινὰτεεται
991 3433 1066 3500 οὔτε
1088 3433 1166 3500 ποτ’
1187 3433 1297 3522 ὄμβρῳ

462 3536 587 3604 δεύεται
609 3536 685 3602 οὔτε
707 3537 787 3616 χιὼν
809 3535 1026 3616 ἐπιπίλναται,
1048 3536 1132 3602 ἀλλὰ
1153 3537 1231 3618 μάλ’
1252 3536 1366 3618 αἴθρη

460 3641 618 3705 πέπταται
633 3638 810 3720 ἀνέφελοε,
834 3639 928 3718 λευκὴ
944 3638 979 3704 δ’
994 3638 1202 3718 ἐπιδέδρομεν
1224 3638 1327 3718 αἴγλη.

335 3744 434 3804 Schol.
463 3740 596 3822 αἴθρη·
629 3741 754 3807 Ῥιανὸε
781 3739 905 3819 αἰθήρ.
935 3743 1009 3805 ΗΡ.
1055 3742 1128 3804 Cum
1156 3739 1249 3820 αἴθρη
1277 3743 1383 3804 idoneo
1410 3762 1500 3804 sensu

335 3864 394 3905 non
423 3853 522 3905 careat
549 3863 646 3924 neque
675 3843 751 3904 alius
785 3862 925 3923 umquam
952 3847 1166 3922 grammaticus
1194 3844 1409 3906 dubitationem
1437 3864 1500 3906 mo-

335 3948 425 4016 verit,
450 3946 546 4024 primo
569 3953 690 4024 aspectu
712 3943 891 4015 credideris,
920 3945 1068 4006 Rhianum
1096 3945 1228 4006 haesisse
1252 3948 1284 4006 in
1306 3947 1371 4008 soni
1394 3947 1501 4007 simili-

335 4048 439 4109 tudine
462 4047 670 4109 vocabulorum
694 4043 787 4125 αἴθρη
810 4055 840 4108 et
862 4042 956 4124 αἴγλη
979 4050 1011 4109 in
1034 4066 1173 4109 versuum
1201 4049 1259 4108 tine
1282 4049 1447 4126 positorum
1472 4057 1502 4108 et

335 4150 411 4211 hanc
433 4146 640 4228 κακοφωνῖαν
664 4147 810 4210 sublatam
832 4149 976 4222 voluisse3
1005 4150 1057 4209 sed
1081 4151 1107 4209 si
1130 4148 1166 4210 ad
1189 4151 1341 4210 notionem
1363 4157 1393 4210 et
1413 4168 1500 4210 usum

336 4269 440 4314 eorum
463 4251 643 4322 attenderis,
671 4250 748 4312 haud
780 4253 841 4311 scio
863 4270 899 4312 an
923 4251 979 4311 alia
1003 4269 1071 4311 eum
1094 4269 1182 4312 causa
1212 4251 1332 4312 ductum
1356 4269 1421 4312 esse
1444 4250 1501 4311 tibi

336 4353 526 4432 persuadeas.
571 4353 674 4415 Talem
702 4354 782 4414 enim
809 4354 1058 4432 perquisitionem
1080 4352 1230 4415 Rhianum
1257 4352 1336 4414 haud
1364 4354 1501 4415 omisisse
