3340 5164
836 389 989 486 *ro—

375 581 436 646 130
457 585 495 661 βῆ
518 581 551 646 δ’
572 579 659 660 ἴμεν,
684 576 763 643 ιίίετε
786 576 869 642 λέων
893 575 1118 660 ὀρεείτροφοε,
1140 575 1211 641 ἀλκὶ
1232 578 1408 656 πεποιθώς,

457 681 528 746 h'cr’
550 681 612 747 εἷς’
634 679 771 760 ὑόμενοι
793 679 843 743 καί
865 677 1017 757 ἀήμενοτ·
1040 677 1075 743 ἐν
1098 677 1134 742 δέ
1157 677 1187 742 οἱ
1209 676 1281 743 ὄεεε

457 785 591 850 δαίεται·
613 782 736 861 αὐτὰρ
758 780 777 844 ὁ
801 780 909 861 βουεὶ
931 778 1113 859 μετέρχεται
1134 780 1153 857 ἢ
1176 777 1289 846 ἀίεεειν

456 885 493 963 ἠέ
515 884 586 965 μετ’
607 883 784 963 ἀγροτέρα(
807 881 965 963 ἐλάφους·
988 880 1112 945 κέλεται
1133 879 1170 946 δέ
1191 880 1207 945 έ
1228 883 1348 961 γαετήρ
1371 892 1426 945 cet.

330 989 428 1051 Schol.
450 986 574 1052 Ῥιανόε
596 984 719 1064 αὐτὰρ
742 983 860 1065 flocci.
882 985 915 1046 Ρ.
961 984 1063 1046 Noluit
1085 985 1218 1046 Rhianus
1247 985 1413 1047 subiectum
1436 988 1494 1046 ite-

328 1093 406 1160 rari;
430 1109 463 1150 ac
485 1091 619 1168 prolecto
643 1090 753 1149 omisso
775 1087 826 1148 illo
849 1084 868 1148 ὁ
891 1105 978 1147 nemo
1002 1085 1169 1147 subiectum
1197 1087 1393 1158 desiderabit,
1423 1106 1492 1149 cunr

328 1192 445 1253 leonem
468 1191 602 1268 intellegi
633 1208 686 1270 per
715 1208 747 1250 se
774 1191 964 1269 perspicuum
995 1189 1034 1248 sit
1063 1196 1093 1247 et
1125 1188 1203 1267 apud
1231 1188 1392 1250 Homerum
1421 1189 1492 1250 sub-

329 1297 453 1363 iectum,
477 1295 566 1352 etiam
589 1291 641 1352 uhi
665 1309 724 1351 non
747 1291 932 1368 significetur
955 1289 1098 1366 singulari
1128 1289 1286 1361 vocabulo,
1317 1293 1493 1371 saepissime

329 1397 438 1456 variari
460 1399 585 1455 constet.
629 1389 739 1452 Verum
767 1399 866 1452 tamen
890 1390 962 1470 quid
984 1389 1131 1451 Rhianum
1156 1394 1298 1461 moverit,
1329 1411 1388 1453 non
1419 1397 1495 1453 satis

329 1497 437 1575 liquet,
460 1496 637 1575 praesertim
661 1512 728 1554 curn
751 1511 870 1554 versum
887 1494 1048 1552 mutatione
1072 1494 1136 1554 eius
1159 1493 1315 1572 depravari
1338 1495 1425 1555 lacile
1449 1495 1493 1556 di-

329 1616 392 1666 cas;
416 1604 498 1657 certe
520 1615 623 1657 versus
651 1595 761 1656 ceteris
782 1595 910 1673 pedibus
933 1593 1095 1674 dactylicus
1118 1594 1209 1655 inlato
1232 1596 1364 1674 spondeo
1394 1599 1494 1658 minus

328 1715 488 1759 numerose
511 1698 617 1758 cadere
641 1697 766 1758 ridetur.
812 1696 870 1756 Sed
893 1698 1010 1757 aurium
1044 1695 1156 1756 iudicio
1184 1703 1302 1758 veteres
1329 1715 1388 1758 non
1416 1717 1493 1760 nun-

328 1818 415 1880 quam
438 1801 496 1861 elio
519 1819 607 1880 quam
630 1817 686 1859 nos
714 1800 865 1864 misum,
895 1815 961 1858 narn
991 1797 1083 1858 habes
1110 1797 1278 1875 exemplum
1307 1799 1492 1860 simillimum

328 1921 339 1963 1
360 1897 423 1962 434
439 1899 561 1979 κείμην·
585 1898 686 1978 αὐτὰρ
701 1898 806 1977 χερεὶν
822 1895 930 1960 ἀώτου
945 1895 1121 1961 θεεπεείοιο
1129 1945 1138 1980 ,
1160 1917 1248 1978 quem
1265 1918 1385 1962 versum
1400 1903 1492 1962 etiam

328 2006 427 2064 minus
450 2002 643 2064 volubilitatis
663 2002 774 2062 habere
799 1995 933 2079 patel.⁵²)

276 2095 320 2162 37
412 2101 525 2166 6299.
570 2104 649 2165 Mars
676 2111 706 2165 et
728 2102 828 2164 Venus
855 2100 987 2161 sollertia
1015 2099 1137 2161 Vulcani
1167 2108 1225 2162 tam
1259 2105 1333 2163 artis
1366 2104 1494 2165 vinculis

328 2206 516 2267 circumclusi
545 2214 630 2275 sunt,
660 2213 693 2266 ut
721 2204 863 2282 effugium
898 2221 957 2262 non
985 2201 1114 2263 habeant
1148 2210 1179 2263 et
1205 2203 1330 2265 deorum
1358 2208 1492 2267 omnium

328 2310 502 2384 conspectui
525 2314 555 2367 et
577 2309 682 2367 irrisui
705 2312 906 2384 exponantur:

454 2407 507 2472 καί
526 2406 600 2471 τότε
623 2406 662 2484 δὴ
684 2406 879 2487 γίγνωεκον,
904 2402 957 2468 ὅτ’
979 2401 1084 2469 οὐκέτι
1106 2406 1211 2485 φυκτὰ
1233 2406 1414 2470 πέλοντο.

328 2510 426 2572 Schol.
450 2507 637 2573 πέλοντο·
659 2506 785 2572 Ῥιανὸς
807 2507 924 2571 πέλοι
945 2506 1071 2587 γράφει.
1094 2509 1128 2569 ll.
1167 2509 1225 2568 Pro
1248 2508 1304 2569 hac
1332 2512 1490 2590 scriptura,

327 2621 413 2692 quae,
438 2630 506 2672 cum
522 2620 618 2673 metro
634 2612 720 2691 plane
744 2619 905 2691 repugnet,
931 2612 1088 2670 manifesta
1110 2608 1176 2671 labe
1200 2617 1316 2688 turpata
1339 2620 1391 2680 est,
1415 2613 1489 2672 Por-

327 2733 379 2775 son
410 2713 605 2774 coniectando
637 2710 801 2776 πέλοιτο
834 2714 983 2791 reposuit,
1016 2711 1096 2791 quud
1129 2713 1154 2772 si
1181 2731 1214 2772 re
1243 2731 1312 2772 vera
1335 2732 1350 2772 a
1373 2712 1490 2775 Rhiano

325 2817 493 2894 proiectum
516 2823 575 2886 est,
600 2817 626 2876 is
648 2822 697 2875 aut
720 2814 802 2874 verbi
824 2832 981 2874 numerum
997 2813 1143 2894 pluralem
1166 2832 1234 2874 cum
1249 2822 1355 2875 neutro
1378 2833 1489 2892 genere

326 2919 517 2977 coniunctum
547 2923 599 2977 aut
626 2915 819 2976 indicativum
847 2915 921 2976 lerri
947 2935 1034 2995 posse
1063 2917 1191 2993 negavit.
1235 2918 1271 2976 At
1298 2916 1490 2977 vehementer

325 3018 494 3079 mirandum
515 3025 609 3087 esset,
639 3018 665 3077 si
687 3016 850 3086 Rhianum,
879 3025 997 3095 poetam
1028 3017 1109 3077 illum
1137 3018 1256 3094 epicum
1284 3025 1315 3076 et
1336 3017 1489 3078 llonrerici

324 3117 443 3180 dicendi
459 3121 579 3196 generis
594 3120 820 3198 peritissimum,
833 3120 969 3196 fugisset,
981 3118 1143 3179 Homerum
1161 3118 1291 3178 nondum
1308 3121 1404 3178 teneri
1421 3118 1487 3196 loge

325 3238 374 3289 ea,
403 3238 461 3298 qua
490 3220 658 3281 subiectum
686 3222 796 3280 neutri
813 3222 933 3298 generis
960 3223 990 3280 in
1019 3219 1126 3298 plurali
1155 3203 1284 3296 positum
1313 3219 1396 3279 verbi
1425 3222 1486 3280 sin-

324 3321 455 3398 gularem
482 3338 638 3382 numerum
666 3323 813 3382 asciscere
842 3321 932 3390 solet,
968 3328 998 3381 et
1026 3327 1120 3380 metro
1150 3326 1283 3380 coactum
1312 3322 1486 3399 saepissime

322 3421 468 3501 pluralem
500 3440 660 3502 usurpare,
694 3423 731 3482 de
764 3441 821 3502 qua
855 3441 888 3483 re
922 3424 976 3484 cir.
1010 3419 1092 3500 larga
1125 3422 1328 3501 exemplorum
1356 3425 1440 3501 copia
1470 3442 1486 3483 a

323 3524 477 3603 Kruegero
506 3542 551 3602 gr.
580 3543 624 3603 gr.
648 3524 676 3585 ll
698 3522 722 3603 S
743 3520 798 3594 63,
827 3521 906 3593 2,1
935 3522 1072 3594 collecte,
1102 3541 1159 3602 qua
1187 3522 1334 3586 πέλεεθαι
1362 3523 1485 3585 verbum

323 3679 525 3688 -..------

391 3758 434 3822 52)
453 3757 507 3811 Cir.
525 3757 614 3812 Maur.
642 3755 854 3811 Schmidtius
873 3755 1093 3810 ‘Arist-Homer.
1116 3753 1247 3809 Excurse’
1265 3754 1295 3810 in
1315 3756 1487 3813 Fleckeiseni

322 3841 414 3895 annal.
443 3846 508 3895 1855
538 3859 565 3909 p.
590 3847 653 3894 221:
685 3839 859 3908 ‘Vergleichb
880 3857 945 3894 man
967 3843 992 3896 Υ
1019 3846 1051 3895 57
1074 3842 1104 3908 (l'
1123 3842 1164 3906 18)
1196 3839 1247 3893 mit
1270 3846 1345 3896 1434
1373 3843 1484 3910 κείμην·

322 3926 412 3992 αὐτὰρ
431 3927 523 3993 χερείν
540 3924 645 3992 ἀώτου,
663 3928 678 3980 Ζ
697 3931 745 3978 132
763 3925 835 3978 nach
852 3924 958 3979 Rhians
975 3925 1072 3980 Lesert
1093 3924 1212 3978 δαίεται·
1236 3925 1328 3993 αὐτὰρ
1350 3927 1439 3992 βουεί,
1459 3929 1485 3981 Φ

321 4016 371 4064 299
389 4009 446 4063 und
471 4008 558 4063 findet
578 4008 702 4063 daselbst
723 4025 807 4078 sogor
829 4009 874 4065 die
891 4009 1100 4080 Interpunchion
1120 4007 1191 4063 nach
1209 4008 1273 4062 dem
1292 4009 1382 4064 ersten
1400 4009 1484 4065 Fusse
1507 4053 1511 4062 .

321 4092 436 4158 wieder,
458 4108 489 4146 oo
506 4091 574 4147 wird
593 4110 658 4148 man
676 4093 750 4148 wohl
768 4093 846 4148 nieht
868 4093 1035 4148 zweilelheft
1057 4092 1127 4158 sein,
1150 4092 1215 4147 dass
1240 4111 1276 4146 an
1299 4091 1374 4146 einer
1396 4095 1484 4160 guban

321 4177 428 4231 Anzahl
444 4192 500 4231 von
518 4176 631 4242 Stellen,
650 4178 736 4232 deren
753 4178 911 4245 Rhythmus
929 4195 979 4231 uns
996 4176 1074 4230 nicht
1091 4176 1219 4247 behagen
1236 4176 1301 4242 will,
1324 4194 1408 4232 unser
1429 4178 1483 4232 Tn-

321 4259 374 4327 del,
392 4277 472 4314 wenn
490 4277 521 4316 er
538 4261 592 4316 den
609 4259 732 4316 Kritiker
749 4260 831 4322 stifft,
849 4260 898 4316 ihn
915 4261 1081 4328 wenigstens
1098 4261 1176 4314 nicht
1194 4262 1234 4316 als
1251 4261 1387 4316 Metriker
1403 4261 1483 4330 uim,

321 4343 440 4399 sondern
456 4344 596 4400 vielleicht
613 4345 654 4400 als
671 4363 709 4399 zu
727 4346 932 4415 consequentem
950 4344 1175 4400 Grammatilrer.’
