3340 5164
622 481 626 490 .
691 389 842 491 ,ιι-

185 586 389 648 accusativum
417 603 529 665 ponere
557 585 684 655 licebat,
717 585 848 646 dativum
878 591 975 644 tamen
998 586 1112 664 posuit,
1147 603 1184 645 ne
1209 585 1351 645 orationis

184 687 410 766 ambiguitatem
441 688 622 748 admitteret.
673 688 713 747 hc
741 687 905 747 Rhianeam
938 687 1096 747 lectionem
1126 689 1151 747 si
1180 705 1239 748 non
1267 689 1350 747 coni·

184 791 291 850 ciendo
313 791 429 869 posita,
453 789 506 850 sed
529 791 658 866 genuina
676 796 768 858 esset,
792 806 851 848 non
874 787 1060 849 abiciendam
1084 806 1149 849 esse
1172 806 1239 849 cum
1262 806 1349 849 versu

183 891 272 951 modo
295 893 462 969 significato
485 899 548 952 tum
572 889 716 970 exemplis
739 890 785 950 his
808 888 993 950 aNitzschio
1015 889 1034 949 l.
1050 889 1070 950 l.
1093 887 1218 966 prolatis
1240 888 1273 952 Μ
1287 886 1351 949 412

184 990 348 1070 ἀργαλέον
371 991 407 1056 δέ
429 989 483 1070 μοί
505 990 584 1071 έττι,
612 990 664 1056 καὶ
692 989 811 1072 ἰφθίμῳ
832 1009 894 1067 περ
917 988 1017 1066 ἐόντι,
1046 990 1157 1072 μούνῳ
1185 987 1350 1072 ῥηξαμένῳ

184 1093 290 1157 θέιθαι
311 1092 399 1171 παρὰ
422 1092 510 1171 νηυιὶ
532 1092 686 1156 κέλευθον
710 1094 775 1173 (cir.
799 1091 827 1154 Υ
849 1089 922 1172 356)
947 1101 977 1152 et
1001 1091 1024 1155 Ρ
1045 1089 1108 1154 252
1130 1090 1291 1168 ἀργαλέον
1315 1089 1350 1154 δέ

185 1194 238 1272 μοί
260 1194 322 1256 ἐττι
345 1197 580 1259 διατκοπιᾶτθαι
603 1192 735 1257 έκαιτον
758 1191 925 1271 ἡγεμόνων
950 1201 979 1253 et
1006 1195 1058 1264 iis,
1089 1212 1164 1273 quae
1194 1194 1350 1256 Classenus

185 1297 279 1358 Beoh.
303 1304 361 1357 cet.
385 1315 415 1374 p.
441 1292 500 1357 141
524 1296 660 1374 collegit,
683 1296 855 1374 planissime
880 1297 1039 1355 evincitur.

269 1395 383 1472 γ178.
428 1397 536 1458 Nestor
568 1398 604 1457 de
638 1398 817 1458 Achivorum
850 1399 882 1456 in
904 1395 1060 1457 Graeciam
1093 1398 1193 1457 reditu
1224 1392 1399 1458 narrans27

185 1501 317 1560 seeundo
339 1507 426 1560 rento
448 1502 507 1560 iter
530 1499 726 1559 acceleratum
750 1517 815 1558 esse
838 1498 929 1558 dicit:

312 1599 397 1678 ὦρτο
421 1598 455 1664 b’
477 1599 528 1664 ἐπὶ
551 1598 639 1674 λιγύ(
662 1596 760 1676 οὖρα(
782 1596 930 1676 ἀήμεναι·
954 1596 985 1661 αἱ
1007 1599 1042 1662 δέ
1065 1597 1142 1677 μάλ’
1166 1597 1234 1662 ὦκα

312 1701 479 1779 ἰχθυόεντα
502 1700 637 1765 κέλευθα
659 1700 844 1778 διέδραμον·
866 1698 899 1762 tc
922 1699 958 1763 δὲ
981 1700 1001 1762 Γ
1002 1699 1145 1776 εραιττόν

229 1802 288 1867 178
311 1802 493 1881 ἐννύχιαι
515 1801 712 1877 κατάγοντο·
735 1800 938 1866 Ποεειδάωνι
959 1801 995 1863 δὲ
1017 1800 1145 1879 ταύρων

310 1903 411 1969 πόλλ’
433 1902 485 1967 ἐπὶ
507 1903 584 1982 μῆρ’
605 1901 733 1984 ἔθεμεν,
755 1901 897 1976 πέλαγος
920 1901 1001 1980 μέγα
1022 1903 1241 1981 μετρήιαντετ.

168 2007 284 2070 ·Sohol.
306 2004 501 2083 ἐννύχιαι·
524 2003 556 2067 αἱ
572 2003 700 2072 Ῥιανοῦ
715 2003 894 2082 γράφουειν
910 2001 1105 2081 ἐννύχιοι.
1128 2005 1161 2067 H.
1179 2005 1348 2067 Nitzsohius

184 2109 205 2169 l.
228 2109 247 2169 l.
272 2109 285 2168 l
306 2129 335 2189 p.
351 2105 420 2187 ,167
443 2108 591 2168 Rhianum
619 2109 659 2168 ita
689 2109 844 2186 scripsisse
873 2105 1059 2184 suspicatur,
1084 2125 1142 2166 non
1171 2127 1230 2187 quo
1258 2104 1349 2170 ἐννύ-

184 2228 249 2288 χιοι
272 2212 397 2270 lormam
421 2227 607 2270 communem
631 2227 695 2268 esse
718 2208 933 2277 arbitraretur,
958 2207 1009 2266 sed
1032 2209 1103 2286 quia
1126 2227 1265 2269 versuum
1288 2227 1349 2268 me-

185 2314 337 2381 minisset,
360 2314 392 2370 in
414 2310 524 2390 quibus
539 2317 661 2380 nautae,
686 2317 718 2370 ut
738 2329 759 2384 γ
783 2307 823 2370 10
845 2305 876 2372 οἱ
897 2307 930 2370 b’
953 2305 1020 2370 ἰθὺ(
1035 2307 1231 2390 κατάγοντο,
1254 2307 1350 2372 τ202

184 2412 236 2475 τοὶ
257 2412 291 2474 δ’
313 2411 494 2494 ἀνάγοντο,
528 2431 587 2473 non
610 2429 715 2481 naves,
746 2419 778 2472 ut
800 2430 824 2473 ιτ
846 2407 909 2472 322
936 2407 956 2486 ἡ
985 2408 1020 2471 δ’
1052 2407 1108 2487 ἄρ’
1141 2409 1242 2474 ἔπειτ’
1273 2409 1348 2473 Ἰθά-

184 2517 282 2592 κηνδε
314 2513 469 2591 κατήγετο
503 2515 580 2591 νηύτ
612 2510 759 2591 εὐεργής,
794 2511 945 2591 appellere
976 2511 1159 2573 dicerentur.
1210 2513 1247 2574 ht
1276 2514 1349 2574 haec

185 2635 244 2696 quo
265 2617 352 2678 modo
380 2616 468 2677 homo
490 2615 681 2676 'doctissimus
702 2615 897 2694 pronuntiare
926 2616 1073 2690 potuerit,
1103 2614 1222 2675 difficile
1245 2624 1291 2676 est
1313 2615 1348 2676 ad

184 2718 428 2796 intellegendum.
473 2717 548 2777 Nam
571 2703 712 2792 ἐννύχιοι
734 2715 790 2775 hoo
813 2716 878 2775 loco
901 2720 951 2775 aut
966 2714 1121 2775 masculini
1145 2725 1196 2777 aut
1211 2717 1348 2778 feminini

185 2821 306 2898 generis
333 2837 398 2880 esse
421 2825 551 2879 statuere
580 2817 685 2878 debuit
711 2817 854 2877 Rhianus.
899 2815 1034 2875 Tertium
1062 2835 1121 2876 non
1149 2817 1247 2878 datur.
1291 2817 1350 2877 Pro

186 2921 350 2982 masculino
374 2928 471 2982 autem
494 2922 630 2997 accipere
654 2919 734 2979 nullo
758 2919 845 2979 modo
868 2918 977 2996 potuit,
1001 2936 1069 2977 cum
1089 2916 1268 2993 κατάγοντο
1291 2922 1349 2979 nisi

187 3023 223 3084 ad
247 3041 335 3083 naves
359 3019 405 3100 (αἱ
427 3020 463 3084 δέ
485 3019 562 3098 μάλ’
591 3017 659 3083 ὦκα
681 3025 749 3099 cet.)
773 3020 882 3080 reterri
909 3037 968 3078 non
995 3035 1083 3097 posse
1106 3038 1141 3078 ex
1165 3038 1201 3080 eo
1225 3039 1349 3100 appare-

187 3132 252 3198 ret,
275 3123 354 3202 quod
378 3123 485 3184 Nestor
507 3125 539 3183 in
562 3124 656 3201 ipsius
679 3124 749 3183 latis
772 3120 948 3194 enarrandis
970 3118 1081 3198 ubique
1104 3121 1199 3200 prima
1222 3141 1348 3201 persona

186 3228 296 3294 utitur,
326 3223 416 3283 veluti
447 3225 477 3284 in
501 3242 588 3285 vorsu
611 3224 780 3302 insequenti
803 3221 915 3300 ἐθεμεν
938 3221 1028 3292 dicit,
1057 3224 1098 3282 ita
1128 3229 1162 3283 ut
1183 3225 1215 3283 si
1243 3233 1349 3285 nautae

187 3329 410 3404 cogitarentur,
449 3323 649 3403 references
687 3324 845 3385 dicendum
884 3325 986 3385 luerit.
1037 3323 1116 3401 Ergo
1148 3324 1219 3403 quid
1258 3332 1350 3386 restat

188 3429 282 3498 aliud,
313 3445 400 3507 quam
431 3435 462 3486 ut
494 3426 640 3486 Rhianum
669 3433 809 3505 putemus
842 3427 984 3486 reiecisse
1019 3425 1194 3485 insolentem
1223 3426 1349 3486 sormam

187 3532 362 3591 femininam
385 3525 531 3605 ἐννυχίηῖ
554 3526 634 3598 Quae
657 3527 738 3587 nullo
760 3534 915 3607 praeterea
937 3526 1014 3606 apud
1036 3526 1195 3587 Homerum
1218 3526 1283 3587 loco
1305 3529 1351 3587 in·

188 3635 322 3701 venitur,
346 3649 413 3690 nam
437 3627 461 3692 Λ
484 3625 546 3690 683
567 3626 771 3704 ἠλατάμεθα.
789 3625 954 3703 ,ἐννύχιοι
979 3626 1076 3704 προτὶ
1102 3623 1178 3689 &cro
1206 3634 1237 3687 et
1259 3624 1287 3689 Φ
1309 3625 1349 3690 37

187 3732 337 3810 ἐννύχιοι
359 3729 535 3809 προμολών
560 3728 607 3808 (de
622 3729 735 3789 Achille
757 3731 865 3807 agitur)
887 3727 1082 3789 masculinum
1105 3745 1199 3806 genus
1220 3731 1351 3806 positum

189 3843 242 3897 est.
288 3833 390 3896 Noluit
417 3834 510 3910 igitur
543 3832 597 3892 hae
626 3833 721 3892 forma
750 3831 924 3910 amplificari
952 3849 1108 3891 numerum
1137 3829 1350 3891 adiectivornm

189 3936 438 4016 compositorum,
473 3952 547 4012 quae
576 3933 654 4012 apud
676 3932 840 3994 llomerum
862 3932 1045 4012 peculiarem
1075 3931 1186 3993 habent
1213 3934 1351 3993 seminini

189 4041 310 4118 generis
338 4038 596 4097 terminationem:
627 4035 663 4096 de
692 4034 801 4114 quihus
829 4034 896 4095 vide
924 4034 1073 4111 Kruegeri
1103 4051 1227 4110 gramm.
1256 4051 1301 4111 gr.
1325 4033 1351 4093 ll

189 4139 213 4220 S
236 4137 288 4211 22,
311 4136 342 4208 3,
365 4135 396 4198 2.
441 4137 525 4208 Quod
548 4156 619 4198 num
641 4144 723 4197 recte
747 4135 865 4205 fecerit,
890 4134 1000 4212 ambigi
1022 4143 1135 4214 potest:
1159 4135 1214 4195 hoc
1237 4142 1352 4194 certum

190 4252 236 4305 est
257 4244 316 4304 iarn
345 4240 450 4321 primis
478 4247 546 4319 post
567 4240 729 4300 Homerum
758 4237 943 4317 temporibus
971 4244 1087 4298 veteres
1114 4254 1173 4296 non
1200 4237 1350 4314 putavisse

189 4346 246 4406 hoc
269 4344 445 4405 femininum
469 4342 670 4421 respuendum
693 4359 775 4409 esse,
804 4342 889 4399 cuius
916 4341 961 4399 rei
985 4321 1118 4414 exempla
1141 4342 1258 4397 exstant
1279 4339 1351 4399 satis
