3340 5164
275 564 339 626 liuc
362 567 494 645 pertinet
515 565 644 627 Wollii
674 567 843 628 coniectura
867 567 1026 647 quaedam,
1055 584 1130 646 quae
1154 586 1212 628 non
1236 568 1355 628 silentio

190 667 472 748 praetermittenda,
496 667 549 728 sed
571 669 675 747 paucis
697 668 798 729 verbis
819 668 983 730 refellenda
1012 676 1066 730 est.
1110 667 1256 739 Quicum
1284 687 1353 748 pro-

190 770 246 848 leg.
269 789 298 848 p.
324 765 385 829 188
408 769 502 830 dicat:
532 770 581 830 ‘ne
610 778 725 831 tantum
747 771 867 850 quidem
889 771 1038 847 reliquum
1055 769 1200 833 hahemus
1221 791 1257 832 ex
1273 772 1353 831 Arati

192 871 322 931 editione
346 869 509 949 Odysseae,
533 873 581 933 cui
606 878 638 936 ut
652 871 745 932 Iliada
766 871 903 943 adderet,
928 873 1158 951 aplurimorum
1175 873 1353 952 corruptelis

191 972 361 1039 liberatam,
386 973 526 1033 invitatus
548 973 640 1033 inisse
663 971 773 1035 dicitur
795 993 811 1034 a
834 991 905 1052 rege
920 973 1040 1053 Syriae,
1065 974 1212 1035 Antiocho
1235 974 1350 1034 Sotere.

190 1072 272 1144 Quod
297 1091 363 1134 cum
380 1074 490 1134 exitum
507 1091 565 1133 non
582 1074 752 1143 habuisset,
775 1077 801 1135 si
817 1075 894 1135 hene
915 1077 1106 1146 coniicimus,
1138 1092 1204 1136 eam
1232 1093 1353 1155 operam

190 1177 359 1254 suscepisse
378 1174 495 1236 videtur
507 1173 652 1237 erianus’
666 1181 733 1244 cet„
752 1178 824 1237 satis
840 1184 942 1256 aperte
958 1176 1072 1237 indicat
1084 1176 1197 1238 idcirco
1205 1176 1354 1237 Rhianum
1462 1235 1465 1238 .

191 1276 226 1337 ad
241 1276 342 1337 Iliadis
359 1277 520 1337 editionem
537 1295 707 1356 aggressum
724 1296 799 1348 esse,
822 1279 891 1358 quia
908 1278 1034 1339 consilio
1049 1281 1132 1341 Arati
1146 1284 1288 1358 tanquam
1302 1278 1353 1338 he-

189 1378 315 1439 reditate
331 1384 468 1458 suscepto
491 1397 540 1447 ea,
564 1398 638 1459 quae
662 1383 687 1441 is
709 1382 935 1460 incertumque
957 1379 994 1440 de
1016 1397 1103 1440 causa
1126 1382 1270 1459 perlicere
1293 1397 1354 1440 non

190 1483 344 1558 potuisset,
361 1479 497 1540 adfinem
511 1488 590 1540 esset
604 1480 812 1560 perducturus.
838 1480 895 1542 Sed
907 1481 980 1542 haec
995 1483 1165 1542 coniectura
1182 1499 1279 1561 neque
1294 1480 1354 1541 ullo

190 1583 353 1642 sustinetur
382 1580 495 1641 indicio
523 1588 553 1641 et
575 1584 700 1642 reicitur
722 1601 771 1652 eo,
801 1582 879 1663 qnod
903 1599 963 1642 non
990 1581 1092 1643 iliadis
1119 1581 1223 1652 modo,
1251 1600 1353 1643 verum

190 1684 278 1742 etiam
303 1681 451 1761 Odysseae
475 1682 717 1770 allhianonova
741 1685 832 1744 editio
856 1690 957 1744 curata
975 1690 1034 1752 est,
1058 1702 1115 1763 qua
1131 1686 1267 1761 prolecto
1289 1703 1352 1744 om·

190 1787 262 1844 nino
285 1801 442 1862 opusnon
465 1785 586 1852 luisset,
617 1787 642 1845 si
665 1785 740 1844 nihil
768 1784 818 1845 ille
847 1784 926 1846 aliud
950 1787 1075 1862 egisset,
1105 1803 1193 1864 quam
1222 1793 1254 1846 ul
1276 1803 1352 1865 quae

190 1887 296 1946 iratus
319 1884 453 1945 incohata
486 1885 648 1964 reliquerat
675 1888 843 1965 perficeret.
888 1885 992 1965 Neque
1019 1904 1092 1946 vero
1121 1884 1176 1947 alia
1205 1886 1242 1947 de
1266 1905 1352 1947 causa

189 1986 326 2046 Wollium
349 1988 379 2045 in
403 1986 479 2046 hanc
502 1988 704 2048 coniecturam
726 1986 870 2047 incidisse
891 1992 979 2066 puto,
1003 1988 1061 2046 nisi
1083 1987 1161 2067 quod
1178 1988 1304 2048 scholiis·
1321 1990 1352 2048 in

190 2087 350 2166 Odysseam
380 2105 412 2147 ea
441 2093 538 2148 aetate
566 2106 627 2148 non
661 2089 718 2148 iam
752 2090 783 2148 in
812 2088 908 2149 lucem
942 2087 1031 2147 editis
1063 2089 1155 2149 solam
1185 2089 1308 2164 Iliadem
1337 2109 1352 2150 a

189 2188 304 2248 libiano
327 2189 362 2248 ad
386 2191 534 2248 rationem
556 2191 690 2250 criticam
714 2195 882 2250 revocatam
905 2207 970 2249 esse
994 2191 1177 2268 opinaretur.
1215 2190 1352 2251 Ceterum

189 2289 291 2350 eadem
320 2291 421 2369 opinio
456 2291 551 2350 tenuit
584 2292 674 2350 etiam
704 2289 892 2351 Siebelisium
921 2310 950 2369 p.
975 2287 1003 2350 o.
1034 2287 1088 2359 10,
1120 2308 1298 2371 quamquam
1327 2293 1354 2350 is

189 2391 309 2470 quidem
331 2390 514 2451 scholiorum
536 2392 565 2450 in
583 2390 743 2471 Odysseam
767 2390 928 2452 editionem
950 2392 1211 2453 Ruttmanniananr
1236 2395 1354 2454 novisse
1449 2389 1451 2394 ’

190 2493 248 2552 iam
272 2499 399 2571 poteret.

273 2592 419 2664 Quamdiu
461 2596 597 2654 recensio
633 2594 765 2654 Rhianea
802 2597 1067 2673 grammaticorum
1108 2596 1245 2656 manibus
1282 2597 1352 2656 trita

188 2696 296 2763 inerit,
333 2697 389 2754 etsi
421 2697 556 2756 numeris
583 2695 699 2756 definiri
735 2698 852 2775 nequit,
886 2704 984 2758 tamen
1018 2697 1174 2758 scholiasta
1210 2697 1285 2758 (luce
1318 2696 1348 2756 id

188 2802 269 2856 certe
296 2797 438 2876 temporis
466 2798 592 2876 spatium
627 2797 786 2874 designare
813 2816 985 2877 possumus,
1020 2815 1079 2878 quo
1113 2800 1170 2858 iarn
1199 2800 1352 2859 interiisse

189 2915 252 2957 eam
287 2905 471 2978 compertum
504 2897 674 2960 habeamus.
724 2897 798 2958 Nam
836 2918 903 2959 cum
937 2918 973 2959 ex
1007 2905 1175 2959 ceterorum
1205 2899 1352 2959 librorum

189 3000 255 3058 eius
269 3001 389 3076 generis
404 3008 483 3060 sorte
499 3002 561 3059 veri
577 3000 675 3060 simile
691 2995 790 3079 sitm),
814 3017 878 3060 eam
894 2999 978 3062 brevi
995 3007 1129 3079 tempore
1151 2999 1351 3061 oblitteratam

189 3102 312 3179 eiusque
335 3102 510 3160 memoriam
534 3103 592 3161 nisi
616 3102 839 3162 commentariis
854 3101 1019 3163 Aristarchi
1042 3109 1073 3161 et
1093 3101 1352 3162 Aristarcheorum

188 3201 224 3261 ad
247 3208 383 3280 posteros
405 3221 464 3262 oon
486 3211 679 3282 propagatam
702 3220 782 3271 csse,
807 3210 869 3263 turn
892 3221 962 3263 vero
978 3201 1118 3282 llidymo,
1142 3205 1192 3283 qui
1216 3202 1271 3263 suh
1294 3204 1352 3264 An·

188 3311 274 3380 gusto
297 3305 478 3382 imperatore
512 3304 587 3371 luit,
618 3321 676 3363 non
700 3302 819 3364 licuisse
843 3323 909 3365 eam
932 3306 1096 3383 inspicere,
1120 3323 1178 3364 non
1202 3307 1266 3364 sine
1281 3322 1350 3384 pro·

188 3654 252 3708 ente
271 3653 364 3708 oculos
382 3652 513 3708 habuisse
530 3654 679 3722 Didymum
703 3655 752 3708 eut
769 3653 956 3708 Aristonicum
975 3653 1178 3708 demonstravit
1194 3653 1351 3708 Becoordus

185 3739 203 3791 1.
221 3739 238 3792 l.
255 3756 283 3807 p.
303 3743 348 3804 52,
366 3734 495 3806 idemque
514 3738 589 3793 cedit
606 3747 662 3791 no'n
679 3737 762 3791 modo
785 3737 814 3791 in
832 3737 1039 3807 Aristophanis,
1068 3737 1116 3793 sed
1141 3737 1228 3792 etiam
1245 3736 1274 3790 in
1293 3753 1351 3792 om·

186 3823 262 3878 nium
284 3823 532 3892 grammaticorum
554 3822 703 3890 editiones,
728 3821 776 3891 qui
798 3823 863 3876 ente
882 3820 1074 3877 Aristarchum
1091 3821 1212 3876 Homero
1237 3837 1352 3891 operam

186 3907 334 3972 dederuut3
353 3924 418 3962 nam
436 3906 615 3962 Aristarchus
633 3907 703 3962 adeo
720 3908 821 3961 horum
843 3905 967 3962 omnium
984 3906 1103 3976 gloriam
1127 3905 1297 3970 obscuravit,
1320 3906 1352 3959 ut

186 3991 251 4046 libri
273 4007 369 4046 eorum
391 3990 472 4045 brevi
494 3993 620 4061 tempore
648 4009 682 4046 ex
705 4009 756 4044 usu
779 3992 808 4044 et
829 3991 958 4045 manibus
978 3990 1121 4045 hominum
1146 3990 1350 4044 evanescerent.

187 4075 240 4130 Gir.
261 4075 346 4130 etiem
363 4093 411 4145 pp.
423 4081 463 4130 53.
477 4080 510 4130 54
522 4092 591 4144 sqq,
609 4075 657 4129 ubi
673 4075 830 4130 Beccerdus
839 4075 981 4144 aptissime
1000 4075 1172 4140 observavit,
1190 4072 1348 4140 inscholiis,

187 4159 235 4214 ubi
256 4160 291 4214 de
314 4159 412 4216 horum
436 4159 602 4215 lectionibus
623 4159 794 4226 traderetur,
820 4159 985 4229 plerumque
1012 4161 1060 4214 aut
1081 4158 1277 4229 imperfectum
1302 4159 1351 4212 eut

185 4245 500 4314 plusquamperfectum,
519 4247 616 4300 contre.
632 4260 765 4314 praesens
781 4245 893 4314 tempus
909 4244 1030 4314 positum
1048 4259 1120 4309 esse,
1138 4242 1186 4297 ubi
1197 4240 1351 4296 Aristarchi

185 4328 318 4384 lectiones
335 4331 567 4401 proponerentur.
602 4327 658 4386 cfr.
676 4333 720 4383 La
736 4321 856 4383 Rochius
873 4328 891 4384 l.
908 4330 926 4384 l.
942 4346 971 4399 p.
990 4335 1030 4384 50.
