3340 5164
700 371 852 470 Q-

195 580 261 622 eam
285 562 361 622 lerri
385 579 472 640 posse
496 563 658 631 concessit,
684 563 709 620 si
732 558 817 638 μάλα
838 577 913 621 sune
935 560 1098 640 explicares
1122 558 1160 641 (p.
1186 558 1246 622 170
1267 562 1356 642 adn).

193 663 289 723 Simul
323 669 423 724 autem
455 669 594 742 apparet,
630 681 684 722 cur
705 662 839 724 Rhianus
872 682 931 724 non
964 663 1146 742 acquieverit
1177 665 1208 723 in
1242 663 1358 741 vulgata

192 767 341 843 scriptura
365 760 468 840 αἴθρη.
499 763 626 824 Putabat
649 766 729 824 enim
752 767 846 842 magis
867 763 1119 824 accommodatum
1142 783 1207 824 esse
1230 765 1266 826 ad
1289 764 1357 824 deo-

192 883 259 926 rnm
282 867 483 933 maiestatem,
514 866 539 925 si
563 883 621 925 non
644 864 731 926 modo
760 866 924 926 aetheriam
953 866 1133 936 claritatem,
1162 884 1238 945 quac
1266 868 1358 926 inter·

192 968 263 1027 dum
286 969 376 1027 etiam
399 966 434 1027 ad
451 973 561 1027 terram
577 966 772 1046 hominesque
794 969 975 1048 pertineret,
1000 967 1051 1028 sed
1075 951 1227 1028 aetherem
1249 967 1357 1046 ipsum,

191 1070 305 1129 iontem
329 1075 358 1129 et
381 1069 528 1146 originem
551 1068 632 1129 illius
654 1068 798 1130 claritatis
820 1077 850 1130 et
872 1068 961 1137 lucis,
986 1070 1017 1128 in
1041 1069 1166 1148 Olympo
1188 1087 1253 1129 esse
1277 1069 1357 1128 dire·

192 1175 293 1240 retur;
317 1177 348 1230 et
368 1170 425 1230 hoc
447 1168 622 1230 vocabulum
645 1165 736 1247 αἴθρη
760 1189 795 1230 eo
811 1173 906 1247 magis
927 1169 1131 1231 arbitrabatur
1153 1170 1190 1232 ab
1214 1171 1269 1230 hoc
1292 1171 1357 1230 loco

191 1269 297 1332 abesse
320 1289 421 1350 posse,
446 1289 512 1331 cum
535 1270 609 1330 hacc
631 1271 799 1350 splendoris
820 1273 903 1332 notio
927 1274 1015 1332 etiam
1031 1273 1151 1348 gravius
1173 1273 1357 1333 indicaretur

192 1371 295 1432 verhis
319 1372 417 1449 λευκή
440 1371 473 1433 δ’
496 1369 705 1451 ἐπιδέδρομεν
733 1367 834 1448 αἴγλη.
879 1372 921 1432 lle
943 1373 991 1434 his
1013 1379 1111 1434 autem
1144 1372 1288 1453 quidquid
1312 1375 1357 1434 iu·

191 1473 355 1543 dicereris,
396 1475 518 1535 infitiari
552 1481 634 1534 certe
666 1492 725 1534 non
758 1475 886 1552 poteris
926 1476 1015 1535 etiam
1049 1473 1104 1535 hoc
1139 1474 1204 1534 loco
1239 1477 1357 1554 conspi-

191 1593 277 1636 cuam
309 1590 374 1635 esse
403 1574 512 1637 Rhiani
547 1582 715 1636 accuratam
742 1575 918 1636 Homericae
955 1575 1097 1637 dictionis
1119 1575 1356 1638 observationem

190 1683 222 1737 et
243 1679 410 1738 scientiam.

275 1775 364 1843 157.
409 1778 565 1840 Admonita
587 1796 603 1837 a
626 1779 772 1854 Minerva,
804 1785 836 1838 ut
857 1777 894 1838 ad
916 1778 1038 1839 lluvium
1061 1779 1185 1840 vehatur
1209 1787 1238 1840 et
1260 1770 1407 1842 vestcs35

190 1879 329 1940 lavandas
351 1886 451 1949 curet,
475 1879 620 1940 Nausicaa
642 1886 772 1960 patrem,
796 1886 829 1940 ut
850 1877 910 1940 sibi
933 1897 1055 1941 currum
1083 1883 1222 1960 apparari
1244 1880 1356 1952 iubeat,

191 1989 277 2060 rogat
298 1980 398 2042 verbis
419 1981 481 2042 his:

317 2079 434 2146 πάππα
456 2079 538 2164 φίλ’,
562 2079 621 2148 οὐκ
643 2080 683 2146 ἂν
706 2081 745 2159 δή
768 2101 821 2161 μοι
844 2079 1087 2161 ἐφοπλῖεεειαε
1110 2080 1237 2161 ἀπήνην

318 2183 447 2261 ὑψηλήν
470 2181 642 2266 ἐύκυκλον,
662 2181 717 2246 ἵνα
739 2181 838 2246 κλυτά
860 2181 964 2260 εἵματ’
987 2180 1112 2261 ἄγωμαι

318 2283 351 2350 tc
373 2285 520 2364 ποταμὸν
543 2284 741 2366 πλυνέονεα,
763 2283 803 2350 τά
824 2303 878 2364 μοι
900 2283 1113 2363 ῥερυπωμένα
1134 2288 1249 2366 κεῖταη

191 2387 291 2448 Sclrol.
315 2384 612 2465 ἐφοπλίεεειαε·
649 2384 775 2451 Ῥιανὸς
794 2383 1106 2468 ,ἐφοπλίεεειαη
1130 2385 1280 2466 οἱδμῶεε
1302 2393 1356 2465 δη-

191 2487 309 2552 λονότι.
333 2488 406 2549 ΗΡ.
430 2489 497 2549 lure
520 2489 690 2550 Nitzschius
712 2488 738 2549 ll
761 2506 790 2566 p.
814 2485 853 2548 97
877 2489 932 2548 hac
953 2490 1124 2550 coniectura
1140 2488 1279 2552 lacillime
1301 2510 1356 2552 nos

190 2608 294 2651 carere
317 2608 405 2670 posse
435 2591 524 2653 dixit:
563 2609 630 2652 nam
660 2601 692 2652 ut
719 2592 782 2668 ipse
805 2590 947 2650 Alcinous
973 2591 1056 2652 nullo
1085 2592 1240 2652 adiuvante
1270 2611 1356 2652 servo

190 2709 315 2753 currum
351 2694 478 2752 instruat
514 2693 668 2772 mulosque
707 2691 875 2760 submittat,
909 2692 967 2752 hoc
999 2693 1149 2771 postulare
1180 2693 1357 2755 Nausicaam

190 2812 278 2854 nemo
302 2812 338 2853 ex
360 2792 488 2854 lectione
512 2793 627 2872 vulgata
650 2791 784 2871 colliget,
809 2801 896 2872 atquc
919 2792 993 2853 haec
1016 2793 1268 2874 breviloquentia,
1297 2814 1356 2874 qua

190 2897 260 2974 quis
282 2895 380 2955 lacere
403 2895 528 2965 dicitur,
558 2914 632 2975 quae
661 2897 727 2956 deri
755 2894 854 2964 iubet,
884 2902 944 2956 tam
972 2897 1041 2956 trita
1072 2902 1132 2965 est,
1160 2903 1194 2956 ut
1221 2896 1356 2973 exempla

191 2998 368 3076 conquirere
391 3015 482 3075 opera
505 2997 624 3075 perdita
640 2999 689 3062 sit.
719 2995 817 3067 Quare
832 3005 913 3057 recte
935 2998 1007 3057 lacit
1022 2997 1194 3058 Eustathius
1215 3015 1245 3075 p.
1263 2993 1354 3067 1551,

190 3095 247 3167 29,
281 3098 360 3177 quod
382 3105 535 3174 praestare
564 3099 637 3159 dicit
664 3095 904 3179 ἐφοπλῖεεειαε,
938 3115 1115 3177 quamquam
1144 3101 1288 3160 arcessita
1311 3105 1357 3160 est

190 3203 257 3260 eius
279 3199 437 3278 explicatio
459 3207 490 3259 et
505 3201 616 3260 mirum
632 3202 664 3260 in
680 3200 799 3260 modum
815 3201 989 3260 artificiosa:
1012 3197 1102 3262 τὸδὲ
1119 3197 1355 3278 «ἐφοπλῖεειαεν

189 3298 349 3379 γράφεται
375 3299 427 3363 καὶ
454 3297 701 3380 «ἐφοπλίεειανο
740 3301 843 3376 δμῶε(
870 3298 931 3378 γάρ
954 3298 1024 3379 μετ’
1053 3297 1146 3375 ὀλίγα
1173 3300 1355 3365 κελευεθέν-

189 3420 258 3475 rec,
281 3399 328 3463 ὼε
349 3401 406 3464 καὶ
423 3399 632 3483 προεγράφη,
662 3399 814 3465 ὁπλέοοα
841 3402 899 3479 τήν
923 3399 1053 3478 ἅμαξαν.
1090 3401 1153 3465 έετι
1176 3403 1212 3465 δὲ
1234 3399 1355 3464 ἀετειό-

189 3522 286 3582 τερον
307 3501 387 3566 κατὰ
409 3501 564 3582 ἀφέλειαν
587 3503 778 3580 νεωτερικήν
793 3501 831 3566 τὸ
855 3501 1098 3582 «ἐφοπλίεειαεοι
1122 3500 1199 3566 ὅθεν
1214 3501 1232 3564 ὁ
1247 3501 1354 3581 γέρων

190 3604 295 3682 πατήρ
326 3603 557 3682 διορθούμενοι
590 3603 628 3667 τὸ
667 3603 787 3682 ἀφελὲε
827 3603 893 3683 ἐρεῖ
924 3603 973 3668 ὅτι
1012 3607 1114 3681 δμῶεε
1146 3602 1354 3683 ἐφοπλίεειαν

190 3705 334 3786 ἀπήνην,
357 3703 397 3767 οὐ
420 3705 482 3782 μὴν
504 3704 568 3779 ἐγὼ
592 3703 723 3782 δηλαδή.
753 3704 825 3775 Quis
846 3709 925 3766 enim
948 3705 1067 3785 putabit
1095 3706 1152 3765 tale
1183 3707 1355 3784 corrigendi

190 3808 320 3870 studium
344 3807 467 3868 subesse
484 3826 627 3886 responso
643 3807 775 3867 Alcinoi?
797 3807 955 3868 Praeterea
971 3808 1086 3868 videtur
1110 3810 1140 3868 in
1157 3808 1270 3869 ultimis
1285 3826 1349 3867 ver·

191 3910 237 3970 bis
259 3908 408 3970 Eustachii
430 3909 648 3970 emendandum
671 3927 736 3968 esse
759 3905 1005 3987 έφοπλίεεουειν
1028 3906 1172 3990 ἀπήνην,
1199 3928 1266 3969 cum
1289 3911 1354 3968 sine

157 4038 160 4044 ·
191 4011 280 4071 dubio
304 4009 408 4071 afferat
429 4014 523 4089 patris
545 4010 636 4070 verba
659 4014 694 4068 e'x
718 4027 804 4070 versu
828 4006 879 4070 69.

275 4108 378 4176 z132.
402 4111 516 4182 Vlixes,
539 4113 590 4192 qui
606 4129 780 4190 quamquam
797 4112 893 4172 nudus
909 4119 968 4181 est,
985 4114 1016 4171 in
1032 4112 1195 4190 puellarum
1213 4104 1405 4190 comper-36

192 4220 254 4274 tum
276 4194 377 4274 venire
401 4232 460 4274 non
483 4213 611 4283 dubitat,
635 4231 702 4272 cum
725 4193 815 4272 leone·
832 4221 1034 4292 comparatur,
1058 4216 1109 4292 qui
1132 4215 1209 4273 lame
1233 4220 1373 4274 vexatus‘

192 4314 282 4377 boum
304 4318 439 4376 ovIumve
461 4333 567 4394 greges
589 4315 727 4376 invadere
749 4313 853 4376 audet:
