3340 5164
843 361 994 458 —34—

338 557 506 619 hristonico
521 556 718 636 explicantur,
740 554 877 616 hocloco
892 554 1020 614 offensos
1035 553 1201 632 quinque
1223 569 1331 614 versus
1351 569 1408 631 pro
1430 551 1502 612 suh-

337 659 450 720 diticiis
471 658 628 728 hahuisse,
651 657 790 717 videntur
812 663 933 736 praeter
955 664 1018 716 tres
1039 655 1106 716 illos
1121 672 1225 714 versus
1247 654 1396 715 allhiano
1419 653 1501 714 dam-

336 768 422 822 natos
444 763 534 822 etiarn
558 756 618 821 161
641 768 671 820 et
695 755 755 820 162
778 761 914 819 eiecisse.
959 758 1018 818 Sed
1039 757 1117 818 hanc
1144 758 1292 817 rationem
1320 758 1379 816 iam
1401 755 1502 817 Nitz·

337 863 464 924 schius
486 864 572 924 hum.
595 880 633 922 zu
654 861 740 925 Horu.
764 861 819 921 0d.
843 860 857 920 l
879 880 907 939 p.
930 855 1009 930 247,
1032 861 1085 938 qui
1106 859 1196 919 huius
1217 858 1276 918 loci
1298 859 1501 934 integritatem

336 967 483 1043 sagaciter
505 964 657 1033 defendit,
681 960 859 1044 inprobavit,
883 967 912 1020 et
926 978 1106 1040 quamquam
1128 961 1156 1019 ei
1178 961 1310 1039 primum
1333 959 1369 1019 de
1384 958 1501 1019 Rhiano

336 1067 467 1127 scholion
495 1068 681 1144 incognitum
710 1072 789 1134 erat,
824 1082 885 1124 nou
916 1064 1050 1141 quinque
1084 1062 1136 1122 sed
1164 1068 1227 1121 tres
1255 1079 1358 1122 versus
1389 1063 1502 1120 eiectos

336 1187 402 1229 esse
425 1169 570 1237 coniecit,
599 1170 650 1228 cui
678 1169 844 1229 sententiae
868 1166 994 1225 accessit
1016 1164 1094 1224 Guil.
1125 1162 1365 1232 llindorlius,
1395 1164 1501 1242 quiin

336 1270 427 1330 schol.
452 1270 498 1330 ed.
521 1262 550 1343 γ’
573 1271 717 1349 reposuit.
749 1269 859 1330 Contra
882 1265 1012 1327 oblocuti
1035 1273 1104 1326 sunt
1125 1264 1320 1345 Rumplius
1342 1264 1380 1324 de
1401 1281 1500 1341 γαμο-

274 1381 276 1385 ’
335 1369 424 1450 ποιὶᾳ
446 1371 571 1431 Menelai
595 1390 624 1450 p.
646 1368 669 1430 4
689 1377 751 1432 not.
773 1366 795 1430 5
823 1377 853 1430 et
874 1368 1133 1444 Henuingsius
1155 1366 1267 1427 Telem.
1289 1385 1319 1445 p.
1344 1361 1419 1434 184,
1447 1366 1501 1445 qui

334 1473 443 1532 iisdem
465 1473 530 1531 lere
558 1473 742 1549 argumentis
771 1488 806 1531 ac
834 1469 1004 1531 Nitzschius
1030 1471 1092 1540 usi,
1123 1487 1190 1529 curn
1219 1468 1350 1530 scholion
1378 1467 1500 1527 tertium

335 1574 372 1633 ad
394 1590 499 1633 versus
523 1567 690 1633 158-162
717 1572 868 1650 pertinere
896 1578 1056 1647 negarent,
1084 1572 1185 1649 potios
1206 1588 1310 1630 versus
1334 1564 1499 1630 163-167

325 1675 372 1735 ¹ah
395 1674 569 1735 Aristarcho
597 1681 711 1734 amotos
739 1691 804 1733 esse
832 1679 1020 1753 putaverunt.
1065 1671 1107 1732 lle
1129 1671 1245 1733 Rhiano
1274 1679 1373 1732 autern
1401 1678 1499 1730 tacue-

334 1788 420 1847 runt,
443 1778 504 1836 nisi
525 1775 605 1854 quod
619 1774 824 1853 Henuingsius
846 1783 879 1835 ut
901 1776 1126 1851 grammaticum
1149 1781 1178 1834 et
1193 1780 1311 1853 poetam
1327 1774 1499 1835 Cretensem

333 1896 438 1958 parurn
461 1879 613 1954 cognitum
637 1876 735 1936 obiter
758 1893 825 1936 eum
848 1878 1099 1936 commemoravit.
1131 1874 1190 1936 Sed
1205 1875 1279 1935 haec
1294 1883 1444 1954 utcunque
1467 1892 1499 1934 se

334 1978 446 2040 hahent
466 2012 509 2023 -
530 1996 599 2038 narn
627 1978 703 2038 mihi
723 1978 845 2056 quidem
867 1978 974 2038 horum
998 1980 1145 2038 sententia
1175 1996 1234 2038 non
1261 1983 1322 2037 tam
1351 1984 1431 2036 certa
1454 1983 1500 2035 est

334 2099 422 2162 quam
445 2081 590 2150 Ameisio,
620 2081 673 2159 qui
700 2080 732 2138 in
761 2079 926 2158 appendice
954 2079 990 2140 ad
1014 2079 1118 2159 Odyss.
1148 2075 1252 2141 o158
1282 2097 1347 2139 eam
1376 2094 1500 2156 prorsus

334 2177 581 2262 comprobavit²⁷)
605 2214 648 2228 a
667 2187 812 2250 nonest,
836 2199 890 2241 cur
911 2180 1039 2241 traditae
1062 2181 1199 2241 codicum
1222 2181 1385 2241 memoriae
1408 2179 1500 2240 dillisi

335 2303 351 2343 a
373 2283 489 2344 Rhiano
513 2283 588 2343 alios
608 2300 713 2342 versus
727 2299 816 2361 quam
833 2276 1001 2342 158-160
1015 2285 1229 2344 exterminatos
1244 2301 1309 2342 esse
1326 2289 1497 2344 statuamus.

334 2385 408 2447 Nam
431 2387 561 2464 prImum
583 2384 670 2445 lacile
693 2402 710 2442 e
732 2385 949 2444 sententiarum
979 2385 1085 2446 ordine
1114 2392 1144 2444 et
1166 2403 1243 2446 nexu
1271 2385 1402 2445 amoveri
1429 2400 1498 2462 pos·

334 2494 418 2557 sunt,
449 2505 505 2547 neo
532 2486 691 2566 quicquam
720 2484 756 2545 ad
778 2485 979 2562 integritatem
1001 2488 1145 2547 orationis
1167 2486 1264 2556 deest,
1294 2504 1362 2546 curu
1389 2481 1496 2548 κείνου

333 2585 463 2664 μέντοι
485 2584 540 2648 ὅδ’
561 2583 630 2649 uide
652 2584 824 2664 ἐτήτυμον,
853 2583 898 2658 ὡς
919 2584 1086 2664 ἀγορεύει(
1108 2595 1137 2648 et
1159 2583 1260 2665 αὐτὰρ
1283 2584 1337 2664 ἐμὲ
1358 2584 1496 2664 προέηκε

335 2687 483 2765 Γερήνιοτ
504 2683 625 2751 ἱππότα
642 2685 770 2764 Νέετωρ
792 2690 865 2749 satis
887 2696 954 2768 apte
976 2691 1056 2749 inter
1079 2707 1110 2749 se
1126 2695 1335 2751 conectuntur:
1357 2690 1497 2768 frequen·

333 2792 375 2850 tia
404 2792 482 2852 enirn
510 2798 579 2851 sunt
609 2790 745 2869 exempla
771 2790 987 2870 particularum
1016 2788 1074 2868 μέν
1094 2809 1144 2853 τοι
1168 2788 1223 2870 (vel
1251 2789 1318 2869 μέν)
1344 2797 1373 2850 et
1396 2785 1497 2866 αὐτάρ

333 2893 413 2953 inter
435 2911 467 2954 se
490 2893 709 2972 oppositarum,
741 2898 775 2951 ut
796 2894 815 2954 δ
835 2889 898 2952 411
928 2890 1040 2969 φώκατ
1062 2890 1120 2970 μέν
1142 2910 1192 2953 τοι
1213 2894 1344 2969 πρῶτον
1367 2889 1498 2969 ἀριθμή-

333 3011 378 3055 τει
400 2991 451 3055 καὶ
472 2990 606 3056 ἔπειτιν·
641 2989 742 3068 αὐτὰρ
770 2989 852 3069 ἐπὴν
880 2989 1091 3070 πεμπάττεται
1119 3002 1191 3075 oet,
1219 2992 1243 3054 Α
1264 2990 1316 3058 51.
1342 2989 1410 3053 127.
1435 2988 1497 3052 331

333 3099 364 3154 et
385 3090 457 3155 333.
481 3095 505 3156 B
527 3089 569 3154 48
593 3101 624 3154 ct
644 3091 696 3155 50.
727 3090 798 3155 102.
821 3089 895 3155 405.
928 3091 1021 3157 [16.
1046 3090 1087 3155 68
1114 3094 1182 3155 aliis
1210 3096 1292 3155 locis.
1337 3095 1497 3155 Praeterea

332 3213 403 3255 vero
425 3214 530 3256 causas
552 3197 584 3255 in
607 3195 720 3256 scholio
749 3195 842 3256 altero
864 3194 994 3276 prolatas
1021 3199 1213 3276 perspicuum
1236 3204 1281 3258 est
1302 3197 1361 3256 uisi
1384 3197 1421 3256 ad
1443 3195 1498 3255 hos

332 3314 436 3358 versus
464 3298 586 3358 omuino
613 3315 674 3358 non
701 3297 865 3376 quadrare,
898 3298 930 3358 id
964 3298 1043 3378 quod
1077 3300 1166 3359 etiam
1195 3298 1398 3375 Henuingsius
1426 3315 1496 3358 con·

401 3568 445 3634 27)
463 3564 537 3620 Nem
564 3563 640 3634 quod
665 3562 847 3633 Rumpfius
868 3563 990 3633 primum
1011 3549 1209 3632 argumentum
1229 3564 1374 3634 proponit,
1400 3581 1495 3619 versus

333 3655 467 3705 158-162
495 3665 529 3704 ex
556 3649 683 3704 oratione
710 3647 833 3704 amoveri
851 3665 906 3703 non
923 3664 1018 3718 posse,
1045 3649 1111 3717 quie
1136 3666 1231 3705 versus
1251 3655 1298 3703 157
1318 3650 1413 3704 et163
1432 3665 1495 3703 eon-

332 3732 411 3800 iungi
427 3735 581 3800 nequeant,
604 3734 658 3788 hoc
669 3750 721 3803 per
732 3750 762 3788 se
781 3733 893 3802 quidem
906 3734 1020 3789 concedi
1030 3735 1122 3801 dehet,
1140 3735 1171 3788 at
1183 3733 1353 3801 infringitur,
1376 3733 1495 3787 uhiAri-

333 3817 475 3871 starchum
497 3817 610 3870 eosdem
631 3820 688 3871 tres
710 3834 805 3872 versus
828 3833 897 3884 quos
918 3816 1058 3871 Rhianum
1081 3817 1193 3872 eiecisse
1215 3820 1354 3888 putamus.
1388 3817 1495 3873 Deinde

332 3901 408 3969 quod
426 3900 494 3955 dicit
511 3916 608 3955 censes
620 3901 780 3970 suspitionis
797 3901 827 3955 in
844 3901 948 3956 scholio
966 3901 1052 3956 tertio
1070 3901 1193 3958 adiectas
1204 3902 1341 3957 inversus
1353 3907 1495 3970 tea—167,

331 4002 388 4040 non
404 3985 545 4040 inversus
564 3991 696 4041 rus-162
715 3987 867 4055 quadrare,
887 3987 997 4042 obicere
1014 3987 1092 4054 lieet,
1114 3988 1202 4043 verba
1228 3989 1286 4043 ὑπὸ
1303 3988 1369 4041 νέου
1387 3989 1496 4042 παντά-

332 4088 397 4126 πατι
415 4071 542 4136 λέγετθαι
560 4071 697 4140 ἀπρεπεῖ(
714 4073 842 4142 spectare
864 4071 901 4126 ad
917 4071 1058 4127 Pisistrati
1080 4073 1168 4128 verbu
1185 4074 1257 4128 ἀλλὰ
1275 4074 1410 4140 ταόφρων
1428 4071 1494 4140 ἐττῐ,

332 4172 404 4223 qnae
422 4154 550 4209 iuvenem
568 4154 602 4209 de
620 4156 719 4211 iuvene
735 4156 898 4226 loquentem
914 4156 1003 4211 videri
1024 4147 1143 4226 possunt
1163 4157 1210 4213 vix
1232 4157 1346 4224 decere,
1370 4158 1399 4210 et
1419 4155 1495 4209 idem

331 4241 389 4294 lere
412 4256 471 4294 esse
498 4243 582 4309 atque
605 4243 658 4308 οὐχ
686 4243 865 4308 ἁρμόττοντα
888 4247 931 4310 τῷ
954 4243 1154 4310 Πειτιττράτου
1178 4243 1338 4312 προτώπῳ,
1363 4257 1435 4310 ques
1466 4240 1495 4294 in

332 4323 420 4378 altero
438 4324 542 4380 scholio
560 4325 698 4394 leguntur.
