3340 5164
700 421 852 520 A

194 607 408 686 ἔμπληντο.
432 609 465 670 Α.
504 609 546 670 tte
574 609 661 671 huius
690 612 906 673 emendationis
932 614 1114 693 praestantia
1143 613 1290 675 dissensio
1312 620 1357 674 est

194 713 276 771 inter
302 711 440 771 homines
468 711 584 780 doctos;
613 712 698 773 lnam.
727 713 883 774 Reklterus
911 715 1047 794 quidem,
1082 715 1279 794 peritissimus
1306 715 1356 775 iile

194 812 421 873 Homericorum
444 814 610 874 carminum
634 817 833 884 existimator,
857 815 982 895 probato
1003 814 1110 876 libiani
1133 816 1244 876 iudicio
1259 813 1357 879 πύλαι

194 911 231 975 δ’
258 911 421 991 ἔμπληντο
450 914 577 994 recepit,
607 916 659 976 sed
687 935 784 996 neque
813 919 907 978 ceteri
936 918 1067 978 editores
1095 919 1161 977 eius
1188 918 1356 998 exemplum

195 1018 289 1076 secuti
312 1023 382 1076 sunt
403 1022 434 1075 et
448 1015 631 1077 liuentzerus
654 1020 684 1077 in
708 1018 753 1078 ed.
772 1017 807 1078 ad
830 1018 860 1077 b.
876 1018 895 1077 l.
912 1019 1077 1080 adnotavit:
1102 1018 1192 1078 ‘Statt
1214 1019 1267 1079 des
1289 1019 1356 1079 dem

193 1114 271 1179 ἀ(τυ
294 1135 477 1197 synonymen
499 1116 594 1181 πόλι(
616 1118 698 1179 lasen
721 1119 837 1180 Anderc
861 1119 913 1180 das
935 1119 984 1180 bei
1001 1118 1146 1183 ἀλέντων
1169 1120 1355 1200 unpassende

193 1216 315 1280 πύλαι.’
348 1218 410 1297 Ego
433 1236 500 1279 cum
523 1219 660 1280 Bellero
683 1219 769 1280 iacio.
805 1220 878 1280 Nom
910 1227 941 1280 ut
968 1220 1159 1281 alluentzeri
1182 1229 1356 1298 argumento

194 1319 349 1390 exordiar,
379 1339 434 1380 cur
462 1317 606 1384 ἀλέντων
634 1339 701 1380 curn
730 1319 826 1383 πύλαι
860 1331 927 1401 apte
956 1324 1096 1400 coniungi
1125 1330 1268 1403 nequeat,
1298 1340 1356 1383 non

193 1420 342 1499 intellego.
387 1421 463 1493 Quid
487 1423 565 1502 quod
581 1428 695 1483 tanturn
719 1422 817 1492 abest,
841 1430 874 1483 ut
896 1423 969 1484 milri
993 1442 1051 1485 non
1074 1426 1234 1484 convenire
1258 1425 1357 1484 videa·

193 1529 258 1589 tur,
289 1529 321 1582 ut
349 1523 379 1582 id
409 1522 465 1584 hoc
494 1525 690 1584 cummaxime
719 1525 783 1585 loco
812 1527 998 1603 aptissimum
1028 1543 1093 1585 esse
1117 1525 1230 1586 dicam?
1259 1525 1357 1586 Verbo

123 1629 126 1636 '
193 1619 308 1699 ἀλῆναι
331 1625 411 1685 enim
434 1624 631 1685 Troianorum
653 1627 832 1704 fugientium
855 1624 942 1686 turba
965 1628 996 1685 in
1019 1629 1171 1704 angustias
1186 1645 1357 1706 compressa

193 1732 223 1785 et
244 1727 329 1805 quasi
356 1727 489 1788 conserta
518 1726 716 1802 describitur,
746 1745 833 1807 quam
863 1728 1111 1804 significationem
1139 1729 1187 1788 vix
1216 1747 1289 1808 opus
1312 1736 1358 1788 est

193 1827 396 1903 exemplorum
424 1829 510 1907 copia
538 1830 633 1898 tueri,
662 1836 695 1889 ut
722 1828 744 1890 Ε
773 1824 836 1889 823
870 1825 990 1891 ἄλλου(
1017 1826 1179 1905 Ἀργείου(
1207 1826 1356 1892 ἐκέλευια

193 1925 347 2006 ἀλήμεναι
381 1926 495 1991 ἐνθάδε
528 1928 666 2010 πάνται,
704 1927 725 1991 C
754 1927 793 1990 76
830 1927 953 1992 πάντα(
990 1927 1042 1992 ἐπὶ
1074 1928 1250 2013 πρύμνῃαν
1279 1928 1355 2006 ἀλή·

192 2046 283 2106 μεναι
311 2027 380 2092 υἷα(
407 2028 559 2111 Ἀχαιῶν,
591 2029 665 2092 ibid.
688 2027 750 2092 447
782 2029 929 2108 Ἀχαιού(
957 2029 1065 2107 Τμῶε(
1098 2029 1149 2094 ἐπὶ
1180 2028 1356 2112 πρύμνῃτιν

192 2128 333 2211 ἐείλεον,
357 2127 433 2194 οὐδὲ
455 2130 571 2208 θύραζε
593 2129 670 2195 εἴων
693 2129 817 2213 ἐξιέναι,
840 2131 881 2192 ib.
904 2128 967 2193 286
995 2131 1032 2194 ὃ(
1054 2130 1158 2195 κέλεαι
1180 2131 1259 2195 κατὰ
1281 2128 1357 2194 ἄ(τυ

192 2229 347 2310 ἀλήμεναι
370 2230 457 2296 αὖτι(
479 2231 587 2296 ἰόντα(
609 2242 638 2294 et
652 2230 714 2296 287
737 2232 756 2310 ἦ
781 2231 874 2296 οὔπω
896 2231 1066 2309 κεκόρη(θε
1082 2231 1225 2310 ἐελμένοι
1248 2230 1356 2296 ἔνδοθι

192 2330 343 2409 πύργων;
377 2330 490 2396 Φ295
522 2333 597 2413 πρὶν
618 2334 698 2397 κατὰ
730 2333 840 2412 Ἰλιόφι
871 2333 970 2396 κλυτὰ
1002 2333 1108 2412 τείχεα
1139 2333 1220 2399 λαὸν
1253 2332 1357 2398 ἐέλιαι

191 2431 352 2515 Τρωϊκόν,
375 2431 411 2497 ὅ(
433 2454 468 2498 κε
490 2435 643 2518 φύγῃαν,
667 2433 693 2497 Ω
715 2433 778 2497 662
801 2433 894 2499 oleon
913 2433 992 2516 γάρ,
1021 2433 1066 2498 ὡ(
1088 2434 1168 2498 κατὰ
1190 2433 1265 2498 doru
1288 2432 1356 2498 ἐέλ-

191 2540 285 2614 μεθα,
319 2533 391 2598 Φ8
420 2534 542 2614 ἡμίεεε(
576 2537 611 2601 δὲ
646 2535 679 2599 ἐ(
707 2536 854 2615 ποταμὸν
881 2534 1043 2617 εἰλεῦντο,
1076 2555 1097 2613 μ
1124 2533 1188 2598 210
1218 2535 1356 2614 Κύκλωψ

193 2636 292 2717 (ήμᾶε)
325 2635 402 2700 εἴλει
430 2637 477 2701 ἐνὶ
505 2639 578 2715 (πῆι
605 2639 780 2721 γλαφυρῷ,
814 2638 922 2718 quibus
951 2637 1009 2699 alia
1037 2638 1128 2699 multa
1157 2638 1238 2699 iacili
1267 2656 1356 2718 opera

192 2740 260 2800 addi
283 2747 418 2816 possunt.
462 2740 522 2802 lam
545 2759 612 2800 cum
635 2741 772 2801 homines
794 2743 824 2800 in
847 2741 977 2820 aliquem
998 2739 1095 2800 locum
1118 2736 1265 2819 (ἐνθάδε),
1289 2759 1356 2800 cunr

193 2842 270 2921 apud
300 2843 420 2902 navium
447 2860 576 2921 puppes,
612 2860 679 2903 cum
708 2842 743 2902 ad
773 2861 889 2911 muros,
923 2859 991 2902 cum
1019 2842 1050 2900 in
1083 2848 1168 2901 antro
1198 2843 1356 2920 comprimi

191 2951 274 3004 recte
303 2945 455 3013 dicantur,
485 2962 538 3005 cur
561 2961 620 3003 non
643 2945 732 3003 etiam
755 2941 791 3006 ἐν
813 2941 928 3006 πύλαι(
956 2938 1109 3019 ἀλήμεναι
1132 2942 1191 3002 dici
1213 2945 1357 3022 possunt?

191 3045 284 3106 Immo
307 3064 377 3106 vero
399 3063 466 3106 curn
490 3044 584 3106 Troes
607 3045 697 3106 effusa
719 3046 788 3122 iuga
818 3044 922 3105 urbem
951 3050 1104 3123 peterent,
1134 3050 1215 3104 tanto
1238 3052 1355 3105 terrore

192 3147 337 3227 perculsi,
366 3152 399 3206 ut
425 3154 508 3207 extra
537 3135 639 3208 muros
672 3165 731 3207 non
760 3147 905 3207 auderent
932 3147 1165 3225 circumspicere
1193 3164 1249 3206 nec
1277 3153 1356 3207 tutos

192 3267 223 3308 se
246 3267 310 3308 esse
334 3250 529 3328 opinarentnr
551 3250 725 3327 priusquam
747 3248 853 3309 urbem
869 3242 1104 3326 introissent32),
1127 3254 1281 3326 portarum
1304 3266 1356 3308 an·

191 3352 304 3427 gustias
326 3351 458 3410 conserta
480 3350 659 3427 fugientium
682 3349 769 3410 turba
785 3349 915 3429 repletas
936 3350 1029 3409 inisse
1045 3354 1276 3408 consentaneum
1300 3355 1355 3409 es't.

192 3450 283 3511 Cuius
315 3450 468 3512 hominum
501 3468 680 3519 concursus,
713 3468 802 3530 quern
836 3447 1039 3529 praeviderat,
1074 3456 1107 3510 ut
1138 3450 1356 3510 vehementiam

192 3551 387 3628 iniringeret,
410 3551 546 3613 Priamus
567 3559 669 3633 portas
691 3559 808 3631 apertas
831 3554 944 3626 teneri,
967 3551 1061 3611 donec
1077 3552 1179 3628 copiae
1203 3552 1234 3609 in
1250 3549 1357 3610 urbem

192 3654 367 3723 intrassent,
397 3656 526 3714 iusserat
549 3651 585 3729 (v.
608 3648 670 3713 531
695 3651 761 3732 sq).
807 3652 879 3713 Cum
907 3659 1007 3712 autern
1035 3658 1140 3730 poetae
1163 3653 1274 3720 virtus,
1304 3650 1356 3713 ubi

192 3772 241 3814 res
269 3753 429 3824 describit,
462 3757 492 3815 in
522 3754 579 3814 hoc
609 3759 764 3822 cernatur,
799 3759 832 3812 ut
859 3771 893 3813 ea
920 3753 1108 3833 potissimum
1142 3752 1247 3829 eligat,
1281 3771 1356 3831 qvvae

192 3873 395 3882 ——-—..

258 3937 303 4003 32)
321 3935 447 3990 Dilucide
473 3937 559 4006 poeta.
577 3935 656 3989 ‘hono
681 3933 900 4005 trepidationem
925 3934 1079 4004 fugamque
1105 3933 1237 3989 describit
1263 3933 1356 3988 verbis

191 4019 374 4090 gravissimis:

258 4126 309 4176 608
343 4122 408 4176 οὐδ’
426 4123 480 4190 ἄρα
497 4122 584 4188 τοίγ’
601 4123 686 4177 ἔτλαν
704 4122 802 4175 πόλιο(
821 4123 867 4175 καλ
884 4119 992 4186 τείχεα(
1010 4121 1092 4176 ἐκτὸ(

341 4213 433 4273 μεῖναι
450 4207 496 4261 ἐτ’
513 4207 653 4274 ἀλλήλου(
670 4209 716 4261 καλ
734 4207 891 4273 γνώμεναι,
914 4205 945 4260 ό(
963 4222 995 4259 κε
1013 4207 1153 4273 πεφεύγοι

341 4291 373 4345 6(
390 4293 421 4344 τ’
439 4291 521 4344 ἔθαν’
539 4291 570 4345 ἐν
588 4291 719 4359 πολέμῳ·
744 4291 811 4345 ἀλλ’
828 4291 1022 4356 ἐεευμὲνω(
1040 4290 1203 4356 ἐ(ἐχυντο

339 4377 372 4430 ὲ(
391 4376 505 4443 πόλιν,
525 4376 645 4430 όντινα
662 4379 733 4429 τῶν
753 4392 790 4441 γε
809 4375 916 4430 πόδε(
933 4376 989 4429 καὶ
1006 4379 1116 4440 γοῦνα
1133 4374 1274 4430 (ἀωεαν.
