3340 5164
849 402 1001 500 *is—

345 591 394 657 iile
418 595 531 676 primas
545 601 646 675 partes
661 601 779 672 ageret:
802 593 860 656 boc
875 594 953 654 enim
969 593 1066 672 planis
1080 592 1181 655 verbis
1197 593 1330 656 declarat
1345 592 1506 655 Pausanias

344 698 382 758 IV
404 694 439 767 6,
462 695 497 758 3:
535 694 651 777 Ῥιανῷ
682 695 718 758 δὲ
748 693 783 758 ἐν
817 695 885 757 τοῑε
914 691 1020 758 ἔπεειν
1049 693 1146 759 οὐδὲν
1175 693 1394 773 Ἀριιτομένηι
1425 693 1506 757 ἐττλν

346 797 566 878 ἀφανέττεροι
589 795 608 874 li
631 794 793 873 Ἀχιλλεὺς
815 795 850 858 ἐν
873 794 978 858 Ἰλιάδι
1000 793 1136 878 Ὁμήρῳ.
1167 797 1263 858 Etiam
1285 796 1401 875 singula
1416 796 1507 856 multa

346 902 381 963 ad
406 899 557 978 exemplar
579 897 701 959 Homeri
723 899 844 959 finxisse
867 898 1017 977 putandus
1040 906 1100 967 cst,
1123 906 1157 958 ut
1179 899 1295 959 Saalius
1316 918 1345 978 p.
1360 895 1403 958 24
1425 906 1507 959 recte

344 1005 461 1064 monuit
484 1002 699 1061 ‘narrationem
723 999 759 1059 de
782 1000 944 1060 immolatis
959 996 1204 1078 ἑκατομφονίοιι
1225 999 1264 1060 ob
1280 1001 1394 1062 occisos
1410 1000 1510 1060 hostes

343 1103 469 1184 prorsus
491 1103 527 1163 ad
551 1103 747 1162 imitationem
763 1101 886 1163 Achillis
908 1101 939 1161 iu
961 1101 1067 1161 sunere
1088 1101 1218 1162 Patrocli
1241 1101 1282 1177 (ll.
1299 1101 1405 1180 XXlH)
1429 1119 1508 1161 corn·

345 1207 472 1286 positam
503 1203 612 1264 videri'
641 1213 671 1263 et
700 1203 863 1263 Pausaniae
893 1202 990 1263 locum
1012 1201 1049 1262 lV
1070 1199 1129 1272 21,
1159 1200 1194 1273 3,
1223 1202 1275 1263 ubi
1304 1203 1508 1264 Aristomenes

344 1315 374 1367 et
396 1305 544 1370 Theoclus
566 1312 663 1374 vates,
693 1321 870 1383 quamquam
892 1304 1049 1364 Messeniis
1070 1305 1235 1383 perniciem
1257 1304 1337 1365 nulla
1358 1322 1440 1364 mora
1462 1306 1507 1364 in·

343 1409 488 1487 terposita
510 1409 625 1467 instare
648 1404 797 1473 sciebant,
821 1412 920 1465 tamen
943 1423 1063 1466 suorum
1081 1423 1172 1466 unum
1188 1425 1336 1485 quemque
1359 1405 1507 1466 adhortati

344 1528 409 1571 csse
424 1517 599 1577 narrantur,
616 1506 745 1567 similem
764 1525 829 1567 esse
844 1507 1003 1568 Homerico
1018 1508 1083 1568 loco
1098 1506 1130 1570 Δ
1145 1505 1223 1578 231,
1240 1506 1292 1567 ubi
1307 1507 1507 1584 Agamemnon

343 1612 450 1672 Danais
472 1607 572 1670 verbis
600 1611 662 1670 suis
685 1609 814 1669 animum
844 1609 994 1669 addidisse
1023 1605 1189 1686 dicitur.¹³)
1234 1610 1276 1670 Ac
1298 1609 1370 1670 deos
1392 1625 1508 1689 quoquc

345 1715 505 1774 Homerico
534 1729 616 1770 more
644 1711 730 1770 linxit
758 1728 861 1771 rerum
882 1710 1079 1772 humanarum
1107 1729 1208 1771 euram
1238 1709 1393 1788 gerentes‚'
1421 1709 1508 1770 modo
1596 1693 1598 1696 ⁵

345 1814 455 1876 auxilio
478 1813 659 1874 Aristomeni
681 1813 755 1881 lato,
778 1820 819 1872 ‘ut
840 1812 926 1872 Paus.
950 1812 971 1876 l.
993 1812 1012 1872 l.
1039 1807 1092 1881 18,
1116 1808 1146 1872 5.
1171 1809 1204 1882 7,
1234 1813 1321 1873 ruodo
1344 1812 1508 1872 calamitate

345 1918 450 1986 missa,
480 1923 513 1975 ut
533 1910 589 1988 21,
619 1911 655 1984 7,
683 1911 734 1973 ubi
763 1915 863 1990 magni
892 1920 922 1973 et
949 1913 1060 1974 assidui
1093 1913 1207 1974 imbres
1236 1914 1391 1974 Messeniis
1418 1915 1510 1973 exitio

345 2025 428 2084 sunt;
454 2022 484 2076 et
505 2010 649 2092 fragm.4
670 2011 772 2091 αὐδὴν
795 2011 957 2092 εἰεάμενοι
973 2011 1116 2092 Δωτηίδι
1134 2012 1315 2096 Νικοτελείῃ
1337 2017 1402 2076 sine
1418 2013 1509 2074 dubio

346 2121 381 2180 ad
406 2119 493 2178 deum
516 2118 662 2196 pertinet,
686 2117 737 2196 qui
760 2121 877 2194 sumpta
899 2119 1000 2195 specie
1023 2117 1207 2186 Nicoteleae,
1231 2117 1427 2176 Aristomenis
1447 2133 1508 2176 rna-

343 2223 413 2290 tris‚
437 2219 527 2280 alicui
555 2251 592 2260 —
619 2235 675 2296 per
697 2219 845 2278 somnium
867 2217 994 2278 sortasse
1020 2253 1062 2262 -
1089 2220 1226 2298 apparuit
1249 2225 1278 2278 et
1304 2218 1423 2278 locutus
1449 2225 1504 2278 est.

345 2322 462 2382 Pariter
485 2326 572 2399 atquc
595 2317 742 2378 Homerus
770 2319 830 2379 lato
853 2326 883 2378 et
904 2319 988 2380 dirae
1011 2322 1183 2380 necessitati
1211 2320 1366 2380 hominurn
1395 2327 1508 2380 sortem

316 2461 318 2467 -
345 2422 506 2482 obnoxiam
527 2438 593 2480 esse
615 2419 773 2486 indicavit.
797 2437 866 2479 nam
889 2421 1006 2499 saepius
1021 2421 1181 2482 Pausanias
1201 2423 1302 2500 posuit
1320 2421 1509 2482 Homericum

346 2523 420 2584 illud
442 2522 567 2583 verbum
588 2518 804 2598 πεπρωμένον
827 2540 864 2581 ex
879 2521 995 2583 libiano
1017 2522 1095 2583 haud
1119 2521 1209 2583 dubie
1232 2525 1373 2584 ascitum:
1405 2518 1454 2591 18,
1478 2518 1508 2582 6.

346 2621 403 2694 20,
429 2623 456 2683 1.
473 2620 530 2693 21,
553 2619 574 2683 6
589 2622 760 2701 ibidemque
785 2618 826 2682 10
841 2622 987 2683 Tbeoclus
1001 2631 1082 2684 vates
1097 2624 1183 2685 dicit:
1207 2621 1329 2686 ἁλῶναι
1345 2621 1510 2699 Μετεήνην

347 2723 476 2789 πάντως
499 2722 563 2788 itai
583 2722 815 2805 πεπρωμένον,
839 2741 913 2801 quae
937 2725 1056 2804 quidem
1072 2725 1161 2786 verba
1183 2725 1324 2786 facillime
1347 2731 1457 2784 coeunt
1479 2726 1509 2783 in

344 2828 551 2888 hexametrum
575 2826 669 2886 hunc:
699 2823 864 2902 Μεεεήνην
887 2824 1018 2890 πάντωι
1039 2825 1252 2904 πεπρωμένον
1276 2823 1358 2890 ἐιτὶν
1381 2823 1510 2888 ἁλῶναι.

346 2929 498 2990 Nocturna
521 2928 719 2988 Aristomenis
740 2929 773 2987 in
795 2934 893 2988 castra
915 2928 1216 2989 Lacedaemoniorum
1239 2930 1368 3009 irruptio
1391 2924 1452 3003 (19,
1468 2923 1509 3003 2),

346 3048 404 3108 qua
426 3030 518 3088 duces
540 3035 571 3088 et
592 3028 701 3088 milites
716 3029 882 3108 permultos
902 3029 1055 3089 interiecit
1076 3037 1112 3092 et
1127 3032 1311 3108 praetorium
1334 3029 1510 3090 tabernacu-

344 3131 406 3190 lum
429 3131 544 3209 rapuit,
580 3138 660 3190 certe
693 3129 799 3190 babuit
831 3130 927 3190 simile
955 3130 1026 3210 quid
1055 3128 1156 3206 Iliadis
1184 3131 1263 3192 libro
1291 3131 1422 3201 decimo,
1452 3148 1511 3209 quo

345 3232 445 3292 Vlixes
473 3238 502 3290 et
524 3231 684 3291 Diomedes
712 3239 801 3292 noctu
823 3229 953 3293 Rhesum
977 3234 1162 3311 oppressisse
1192 3235 1315 3314 eiusque
1345 3250 1439 3312 equos
1461 3250 1508 3292 ra-

346 3335 446 3412 puisse
469 3340 639 3392 narrantur.
683 3332 903 3394 Aristomenem
931 3334 1030 3412 lapide
1058 3352 1234 3413 percussum
1263 3341 1293 3394 et
1315 3333 1352 3395 ab
1375 3333 1512 3394 hostibus

346 3441 465 3514 capturn
492 3432 627 3493 Rbianus
654 3451 749 3512 paene
779 3436 883 3495 eodem
911 3436 999 3496 modo
1027 3453 1085 3515 quo
1113 3436 1259 3496 Homerus
1286 3435 1445 3496 Hectorem
1474 3432 1511 3494 ab

346 3537 435 3596 Aiace
458 3535 557 3612 lapide
581 3536 755 3612 gravissime
778 3537 965 3597 vulneratum
990 3536 1165 3615 descripsit:
1188 3537 1255 3597 vide
1279 3545 1389 3617 quanta
1413 3539 1451 3598 sit
1471 3538 1511 3596 si-

346 3636 485 3697 militudo
514 3636 615 3697 verbis
643 3636 766 3697 Homeri
794 3633 908 3699 3409
935 3635 994 3701 τόν
1028 3637 1085 3715 μὲν
1115 3635 1218 3701 ἔπειτ’
1251 3635 1389 3703 ἀπιόντα
1415 3636 1512 3716 μέγα(

416 3851 458 3918 13)
477 3850 630 3905 Pausanias
647 3851 717 3906 haec
734 3853 847 3906 namet:
877 3853 1007 3908 ἐπιόντετ
1031 3856 1062 3908 δέ
1083 3857 1137 3921 τὴν
1160 3854 1245 3910 πόλιν
1263 3857 1369 3924 απουδῇ
1388 3857 1434 3908 καλ
1456 3855 1511 3908 ἐπὶ

348 3937 482 3990 πάντα(
508 3936 588 4003 ἐρχό
596 3953 692 4003 μενοι
719 3943 834 3993 τοῑτ.τε
856 3938 1084 4004 ἐντυγχάνουιιν,
1113 3939 1203 3994 ὁπότε
1225 3940 1403 3994 αῐιθάνοιντο
1426 3940 1512 3993 ὄντα(

350 4019 536 4088 Μεειηνῐοαι,
555 4021 783 4088 παρεκελεύοντο
795 4021 898 4089 ἄνδρα(
916 4023 1039 4088 ἀγαθοὺτ
1059 4024 1131 4078 εῖναι
1150 4025 1195 4078 καλ
1213 4024 1317 4078 ἐκτῶν
1335 4023 1434 4077 οἰκιῶν
1451 4023 1512 4076 ἀνε-

348 4105 454 4158 κάλουν
476 4106 545 4158 τοὺ(
567 4106 609 4159 ἔτι
631 4106 882 4174 ὑπολειπομένους.
916 4105 1031 4160 Homeri
1052 4108 1147 4162 sutem
1164 4108 1251 4163 verbe
1269 4109 1334 4161 sunt
1350 4107 1434 4161 haec:
1464 4109 1512 4161 ob-

347 4190 401 4256 τὰρ
420 4191 436 4243 ό
453 4191 540 4246 πεζός
557 4189 614 4242 ἐὼν
632 4190 851 4245 ἐπεπωλεῖτο
874 4189 991 4257 crixo(
1014 4191 1160 4258 ἀνδρῶν·
1183 4195 1229 4246 καλ
1247 4194 1278 4260 ῥ’
1294 4193 1343 4247 οὓ(
1362 4193 1412 4259 μέν
1430 4193 1512 4246 (πεύ-

349 4275 451 4410 porco<
473 4273 529 4328 ibor
552 4275 678 4328 Δαναῶν
701 4276 897 4342 ταχυπώλων,
924 4276 992 4330 τοὺ(
1017 4276 1091 4341 μάλα
1118 4278 1286 4344 caproneis
1309 4278 1513 4344 παριετάμενοι

365 4357 465 4410 πέειιι.
