3340 5164
691 398 842 493 —n—

182 584 359 664 plerumque
383 589 413 647 in
438 587 544 662 plurali
574 604 698 646 numero
721 589 793 664 poni
822 585 977 647 docemur.
1022 587 1125 666 Neque
1153 588 1248 647 solum
1271 589 1349 649 hunc

180 704 315 755 versum,
340 688 391 747 sed
416 697 532 748 ceteros
555 706 672 766 quoque
696 686 791 757 locos,
816 690 867 766 qui
883 687 1007 747 eandem
1023 687 1183 748 verborum
1206 691 1348 749 coniunc-

182 789 293 847 tionem
322 788 483 866 praebent,
513 789 660 849 Rhianum
697 787 785 848 simili
821 790 936 849 ratione
970 791 1197 850 commutavisse
1225 808 1347 850 neeesse

180 899 275 956 esset,
305 889 396 951 veluti
418 888 451 952 Π
475 887 535 950 128
557 888 609 951 καὶ
636 887 743 951 οὐκέτι
766 889 870 967 φυκτὰ
898 888 1073 965 πέλωνται,
1104 894 1119 954 ξ
1141 887 1204 952 489
1226 893 1286 954 νῦν
1314 890 1347 954 δ’

180 985 285 1051 οὐκέτι
308 989 413 1067 φυκτὰ
435 989 604 1064 πέλονται,
633 1010 651 1052 υ
674 987 737 1052 223
761 988 829 1053 ἐπεὶ
858 989 972 1054 οὐκέτ’
1000 989 1118 1054 ἀνεκτὰ
1139 989 1294 1054 πέλονται
1317 1000 1347 1052 et

179 1091 267 1160 alios,
292 1110 367 1170 quos
388 1091 489 1152 videre
511 1092 583 1152 licet
606 1093 683 1168 apud
699 1092 884 1171 llruegerum
907 1112 953 1170 gr.
977 1110 1021 1170 gr.
1039 1093 1064 1153 ll
1088 1089 1178 1172 §44
1194 1091 1224 1164 3,
1241 1091 1347 1154 8-10

179 1191 247 1252 coll.
271 1189 330 1270 1§
353 1188 404 1262 43,
428 1190 457 1263 4,
483 1190 532 1254 13.
579 1193 637 1254 Sed
659 1195 788 1254 fortasse
819 1195 952 1256 libianus
975 1193 1153 1272 opinabatur
1181 1194 1344 1255 Homerum

179 1294 360 1371 singularem
394 1312 550 1354 numerum
584 1313 644 1355 non
678 1295 847 1365 admisisse,
881 1298 940 1357 nisi
973 1295 1026 1356 ubi
1054 1303 1150 1355 metro
1178 1296 1344 1358 cedendum

179 1403 271 1464 esset,
295 1395 353 1454 hoc
375 1403 474 1456 autem
495 1395 561 1456 loco
585 1399 716 1475 optativo
737 1400 835 1474 posito
858 1399 1012 1458 metricam
1036 1397 1112 1458 hanc
1134 1401 1343 1459 necessitatem

178 1497 332 1557 commode
354 1515 442 1574 posse
465 1499 580 1558 evitari.
626 1499 663 1558 At
684 1499 764 1558 idem
788 1498 907 1559 caderet
929 1501 961 1559 in
982 1497 1015 1560 Π
1033 1494 1106 1568 128,
1131 1497 1182 1559 ubi
1203 1517 1259 1577 per
1281 1519 1342 1560 me·

177 1605 258 1657 trum
280 1598 351 1658 licet
372 1597 506 1675 πέληται
528 1598 678 1667 seribere;
709 1599 818 1660 deinde
845 1618 916 1660 vero
944 1599 1138 1659 indicativum
1167 1600 1256 1662 huius
1284 1601 1342 1662 looi

177 1699 345 1759 condicioni
367 1700 460 1760 multo
483 1703 630 1780 aptiorem
654 1720 828 1781 essequam
852 1704 1030 1781 optativum,
1054 1720 1114 1780 quo
1136 1720 1170 1761 ea
1194 1701 1283 1762 verba
1306 1721 1341 1762 ex
1403 1727 1405 1730 ·

176 1800 279 1861 Martis
294 1801 476 1881 Venerisque
499 1805 645 1864 sententia
668 1803 745 1863 dicta
761 1821 826 1863 esse
843 1804 1063 1881 significentur,
1087 1804 1154 1880 quis
1168 1820 1228 1862 non
1244 1802 1342 1862 videti

176 1900 257 1970 Quae
281 1921 346 1962 cum
370 1905 412 1962 ita
436 1905 509 1972 sint,
537 1904 719 1980 persuadere
748 1904 820 1963 mihi
849 1922 909 1963 non
937 1921 1074 1982 possum,
1103 1903 1164 1963 illis
1192 1901 1340 1963 Rhianum

177 2003 281 2080 inpelli
309 2007 443 2081 potuisse
467 2006 578 2074 causis,
608 2024 642 2064 ac
666 2012 797 2065 statuere
819 2005 910 2074 malo,
940 2023 1039 2064 veram
1069 2006 1135 2066 eius
1162 2006 1339 2082 scripturam

175 2103 385 2182 ignorantibus
406 2105 569 2182 praecisam
599 2105 687 2167 nobis
715 2125 779 2167 esse
809 2106 845 2166 de
874 2106 931 2165 hoc
952 2123 1040 2166 versu
1068 2105 1220 2166 iudicandi
1247 2105 1339 2165 lacul-

176 2215 277 2267 tatem.

260 2329 270 2370 ι
291 2305 363 2370 491.
410 2309 507 2369 Vlixes
529 2317 562 2370 ut
583 2310 711 2388 primum
735 2309 940 2370 crudelitatem
965 2307 1100 2390 Cyclopis
1122 2308 1240 2386 elingit,
1261 2306 1389 2373 tem-38

174 2427 281 2489 pecare
314 2410 370 2471 sibi
400 2429 458 2471 non
490 2420 603 2489 potest,
638 2413 710 2491 quin
738 2429 806 2471 eum
835 2412 975 2471 conviciis
998 2410 1187 2490 adloquatur;
1217 2409 1266 2469 illc
1294 2411 1337 2470 ira

173 2520 339 2572 commotus
361 2514 489 2573 immane
512 2532 614 2573 saxum
638 2515 668 2573 in
696 2531 778 2573 mare
801 2511 905 2582 deicit,
935 2519 967 2572 ut
990 2513 1072 2572 navis
1094 2512 1130 2571 ad
1153 2509 1223 2571 litus
1244 2529 1337 2590 usque

173 2615 353 2691 repellatur;
387 2615 645 2675 vehementissimo
672 2616 798 2692 remigio
826 2614 989 2674 cavendum
1018 2621 1076 2682 est,
1106 2631 1143 2673 ne
1171 2614 1279 2672 iterum
1307 2614 1337 2671 in

173 2723 350 2793 potestatem
373 2718 499 2777 monstri
520 2717 662 2777 horrendi
691 2715 857 2776 deveniant.
904 2712 963 2776 Sed
991 2714 1044 2775 ubi
1071 2713 1160 2791 duplo
1181 2713 1337 2773 intervallo

173 2817 210 2878 ab
233 2837 269 2877 eo
292 2818 394 2888 distat,
417 2818 515 2878 Vlixes
538 2818 636 2879 denuo
657 2819 773 2878 hostem
796 2816 967 2897 compellat:
1188 2817 1189 2820 ’

300 2915 377 2982 ἀλλ’
399 2915 454 2980 ὅτε
477 2919 515 2997 δὴ
538 2919 586 2983 bic
607 2917 720 2983 roccov
743 2916 806 2981 ἅλα
827 2916 1074 2996 πρήειοντεε
1096 2915 1237 2994 ἀπῆμεν,

299 3019 349 3083 καὶ
370 3019 442 3084 τότ’
464 3020 528 3096 ἐγὼ
553 3020 711 3084 Κύκλωπα
725 3018 930 3097 προτηύδων.

172 3123 270 3184 Schol.
294 3121 562 3200 npriccovrec·
585 3120 711 3186 Ῥιανὸς
732 3120 986 3198 πλήττοντεε.
1010 3120 1039 3180 Μ
1055 3120 1090 3181 Η.
1121 3120 1182 3181 Vna
1205 3121 1335 3182 litterula

171 3228 245 3286 scite
269 3233 380 3286 mutata
402 3225 535 3287 Rhianus
557 3225 714 3286 lectionem
740 3223 908 3302 procreavit
934 3222 1012 3283 haud
1035 3222 1283 3283 contemnendam
1306 3232 1336 3282 et

170 3346 259 3406 quam
282 3327 442 3406 quominus
465 3329 496 3386 in
517 3334 630 3386 textum
646 3326 828 3403 reciperent,
853 3326 1004 3385 novissimi
1020 3323 1148 3385 editores
1163 3325 1334 3402 gravissima

170 3429 342 3488 Rutlmanni
364 3436 394 3489 et
409 3429 578 3489 Doederlini
601 3430 778 3489 auctoritate
801 3427 943 3505 prohibiti
966 3445 1032 3487 esse
1049 3427 1194 3486 videntur.
1233 3427 1334 3486 Butt-

170 3547 327 3590 mannus
349 3530 442 3600 enirn,
471 3549 560 3609 quern
584 3532 672 3590 etiam
688 3525 857 3615 Nitzsohius
872 3528 908 3589 ad
931 3528 959 3588 h.
982 3528 1002 3588 l.
1020 3536 1050 3588 et
1072 3527 1108 3588 ad
1132 3523 1228 3604 p429
1251 3545 1335 3587 secu·

169 3641 218 3692 tus
238 3640 293 3700 est,
315 3631 434 3708 lexilogi
456 3633 511 3691 vol.
527 3631 593 3709 llp.
613 3628 671 3693 197
688 3649 866 3710 quamquam
881 3629 1027 3689 Rhianum
1050 3629 1214 3707 speciosam
1231 3647 1332 3689 emen·

170 3733 319 3794 dationem
343 3734 532 3811 proposuisse
555 3734 726 3802 cantitetur,
758 3740 947 3793 tamencum
974 3731 1121 3808 primitiva
1145 3737 1175 3789 et
1196 3733 1333 3792 vetustis-

169 3837 242 3894 sima
267 3836 293 3893 vi
315 3834 398 3894 verbi
421 3835 570 3912 πρήεεειν
591 3852 697 3912 parum
711 3842 868 3913 perspecta
894 3833 1068 3893 mutavisset
1095 3851 1170 3912 quae
1193 3834 1332 3893 mutanda

169 3956 227 3997 non
257 3942 373 4006 essent,
402 3955 467 3996 eam
495 3952 742 4014 supervacaneam
765 3955 829 3996 esse
859 3935 1020 3997 contendit.
1051 3935 1145 4014 Atque
1168 3934 1245 3995 hano
1268 3937 1331 4013 qui-

169 4038 236 4098 dem
257 4039 436 4116 primitivam
461 4045 491 4097 et
512 4037 670 4116 genuinam
694 4037 776 4097 verbi
800 4036 947 4114 πρήεεειν
962 4042 1153 4114 potestatem,
1178 4037 1330 4112 epicorum

169 4147 282 4200 tantum
315 4145 471 4217 poetarum
498 4141 529 4199 in
558 4140 756 4199 monumentis
787 4141 950 4208 inventam,
984 4156 1050 4198 eam
1081 4156 1146 4198 esse
1179 4137 1265 4207 dixit,
1299 4148 1332 4198 ut

167 4239 315 4318 πρήτιειν
338 4240 424 4317 plane
447 4241 523 4301 idem
548 4247 627 4300 esset
649 4259 683 4300 ao
705 4238 867 4316 περαίνειν
895 4241 923 4300 h.
948 4259 974 4299 e.
1001 4242 1151 4312 conficere
1178 4240 1238 4298 sive
1258 4256 1330 4315 per-

165 4346 263 4418 ficere.
302 4341 425 4401 Munivit
453 4342 528 4402 hanc
556 4341 799 4419 significationem
834 4341 975 4418 exemplis
1003 4339 1066 4400 his:
1104 4337 1129 4401 Λ
1155 4335 1219 4400 552
1246 4337 1265 4402 ὸ
1294 4342 1330 4408 δὲ
