<?xml version="1.0" encoding="UTF-8"?>
<!DOCTYPE html PUBLIC "-//W3C//DTD XHTML 1.0 Transitional//EN"
    "http://www.w3.org/TR/xhtml1/DTD/xhtml1-transitional.dtd">
<html xmlns="http://www.w3.org/1999/xhtml" xml:lang="en" lang="en">
 <head>
  <title>
</title>
<meta http-equiv="Content-Type" content="text/html;charset=utf-8" />
  <meta name='ocr-system' content='tesseract 3.04.00' />
  <meta name='ocr-capabilities' content='ocr_page ocr_carea ocr_par ocr_line ocrx_word'/>
</head>
<body>
  <div class='ocr_page' id='page_1' title='image "./derhianicretens00mayhgoog_0063.png"; bbox 0 0 3340 5164; ppageno 0'>
   <div class='ocr_carea' id='block_1_1' title="bbox 824 367 974 461">
    <p class='ocr_par' dir='ltr' id='par_1_1' title="bbox 824 367 974 461">
     <span class='ocr_line' id='line_1_1' title="bbox 824 367 974 461; baseline 0 0"><span class='ocrx_word' id='word_1_1' title='bbox 824 367 974 461; x_wconf 46' lang='lat' dir='ltr'>A</span> 
     </span>
    </p>
   </div>
   <div class='ocr_carea' id='block_1_2' title="bbox 314 551 1481 4380">
    <p class='ocr_par' dir='ltr' id='par_1_2' title="bbox 314 551 1481 4380">
     <span class='ocr_line' id='line_1_2' title="bbox 447 551 1299 635; baseline 0.004 -20"><span class='ocrx_word' id='word_1_2' title='bbox 447 555 549 635; x_wconf 82' lang='grc' dir='ltr'>χαῑρε,</span> <span class='ocrx_word' id='word_1_3' title='bbox 572 555 664 634; x_wconf 85' lang='grc' dir='ltr'>Ξεῑνε,</span> <span class='ocrx_word' id='word_1_4' title='bbox 687 553 766 630; x_wconf 73' lang='grc' dir='ltr'>παρ’</span> <span class='ocrx_word' id='word_1_5' title='bbox 788 551 863 632; x_wconf 82' lang='grc' dir='ltr'>ἄμμι</span> <span class='ocrx_word' id='word_1_6' title='bbox 886 554 1045 632; x_wconf 85' lang='grc' dir='ltr'>φιλήεεαι·</span> <span class='ocrx_word' id='word_1_7' title='bbox 1068 552 1168 631; x_wconf 91' lang='grc' dir='ltr'>αὐτὰρ</span> <span class='ocrx_word' id='word_1_8' title='bbox 1191 554 1299 618; x_wconf 82' lang='grc' dir='ltr'>ἔπειτα</span> 
     </span>
     <span class='ocr_line' id='line_1_3' title="bbox 444 653 1261 735; baseline 0.002 -18"><span class='ocrx_word' id='word_1_9' title='bbox 444 656 578 719; x_wconf 79' lang='grc' dir='ltr'>δείπνου</span> <span class='ocrx_word' id='word_1_10' title='bbox 600 653 799 732; x_wconf 79' lang='grc' dir='ltr'>πατεάμενοε</span> <span class='ocrx_word' id='word_1_11' title='bbox 821 655 970 734; x_wconf 83' lang='grc' dir='ltr'>μυθήεεαι</span> <span class='ocrx_word' id='word_1_12' title='bbox 993 653 1107 719; x_wconf 86' lang='grc' dir='ltr'>ὅττεό</span> <span class='ocrx_word' id='word_1_13' title='bbox 1131 675 1163 719; x_wconf 81' lang='grc' dir='ltr'>τε</span> <span class='ocrx_word' id='word_1_14' title='bbox 1186 656 1261 735; x_wconf 87' lang='grc' dir='ltr'>χρή·</span> 
     </span>
     <span class='ocr_line' id='line_1_4' title="bbox 318 755 1478 841; baseline 0.004 -24"><span class='ocrx_word' id='word_1_15' title='bbox 318 757 414 818; x_wconf 90' lang='lat' dir='ltr'>Schol.</span> <span class='ocrx_word' id='word_1_16' title='bbox 437 755 473 820; x_wconf 85' lang='grc' dir='ltr'>ἐν</span> <span class='ocrx_word' id='word_1_17' title='bbox 495 763 532 840; x_wconf 82' lang='grc' dir='ltr'>τῇ</span> <span class='ocrx_word' id='word_1_18' title='bbox 556 758 635 821; x_wconf 89' lang='grc' dir='ltr'>κατὰ</span> <span class='ocrx_word' id='word_1_19' title='bbox 656 756 784 821; x_wconf 91' lang='grc' dir='ltr'>Ῥιανὸν</span> <span class='ocrx_word' id='word_1_20' title='bbox 812 755 943 836; x_wconf 84' lang='grc' dir='ltr'>ἄμεινον</span> <span class='ocrx_word' id='word_1_21' title='bbox 972 755 1150 835; x_wconf 79' lang='grc' dir='ltr'>ἐγέγραπτο</span> <span class='ocrx_word' id='word_1_22' title='bbox 1178 757 1294 822; x_wconf 90' lang='grc' dir='ltr'>ὅττευ</span> <span class='ocrx_word' id='word_1_23' title='bbox 1324 777 1361 823; x_wconf 82' lang='grc' dir='ltr'>τε</span> <span class='ocrx_word' id='word_1_24' title='bbox 1389 761 1461 838; x_wconf 88' lang='grc' dir='ltr'>χρή</span> <span class='ocrx_word' id='word_1_25' title='bbox 1469 808 1478 841; x_wconf 83' lang='lat'><em>,</em></span> 
     </span>
     <span class='ocr_line' id='line_1_5' title="bbox 319 856 1481 939; baseline 0.002 -18"><span class='ocrx_word' id='word_1_26' title='bbox 319 857 364 921; x_wconf 83' lang='grc' dir='ltr'>ὼε</span> <span class='ocrx_word' id='word_1_27' title='bbox 375 856 520 935; x_wconf 82' lang='grc' dir='ltr'>ἀλλαχοῦ</span> <span class='ocrx_word' id='word_1_28' title='bbox 538 858 566 937; x_wconf 86' lang='grc' dir='ltr'>(ρ</span> <span class='ocrx_word' id='word_1_29' title='bbox 584 856 652 938; x_wconf 87' lang='grc'>121)</span> <span class='ocrx_word' id='word_1_30' title='bbox 677 857 789 921; x_wconf 88' lang='grc' dir='ltr'>«ὅττευ</span> <span class='ocrx_word' id='word_1_31' title='bbox 810 858 977 936; x_wconf 77' lang='grc' dir='ltr'>χρηΐζων.»</span> <span class='ocrx_word' id='word_1_32' title='bbox 999 859 1025 920; x_wconf 90' lang='grc' dir='ltr'><strong>Η</strong></span> <span class='ocrx_word' id='word_1_33' title='bbox 1041 860 1066 938; x_wconf 91' lang='lat' dir='ltr'>(a</span> <span class='ocrx_word' id='word_1_34' title='bbox 1082 880 1121 921; x_wconf 84' lang='lat' dir='ltr'>m.</span> <span class='ocrx_word' id='word_1_35' title='bbox 1139 860 1209 939; x_wconf 89' lang='lat' dir='ltr'>sec.)</span> <span class='ocrx_word' id='word_1_36' title='bbox 1226 861 1264 922; x_wconf 89' lang='lat' dir='ltr'>M.</span> <span class='ocrx_word' id='word_1_37' title='bbox 1288 861 1352 932; x_wconf 85' lang='lat' dir='ltr'>Quo</span> <span class='ocrx_word' id='word_1_38' title='bbox 1368 865 1481 924; x_wconf 88' lang='lat' dir='ltr'>rectius</span> 
     </span>
     <span class='ocr_line' id='line_1_6' title="bbox 317 961 1481 1042; baseline 0.003 -21"><span class='ocrx_word' id='word_1_39' title='bbox 317 979 509 1040; x_wconf 81' lang='lat' dir='ltr'>assequamur</span> <span class='ocrx_word' id='word_1_40' title='bbox 524 961 633 1023; x_wconf 88' lang='lat' dir='ltr'>Rhiani</span> <span class='ocrx_word' id='word_1_41' title='bbox 648 969 778 1022; x_wconf 83' lang='lat' dir='ltr'><strong>mentem</strong></span> <span class='ocrx_word' id='word_1_42' title='bbox 800 970 829 1021; x_wconf 92' lang='lat' dir='ltr'>et</span> <span class='ocrx_word' id='word_1_43' title='bbox 844 964 1039 1031; x_wconf 89' lang='lat' dir='ltr'>sententiam,</span> <span class='ocrx_word' id='word_1_44' title='bbox 1063 962 1279 1042; x_wconf 85' lang='lat' dir='ltr'>perlustremus</span> <span class='ocrx_word' id='word_1_45' title='bbox 1293 968 1481 1042; x_wconf 83' lang='lat' dir='ltr'>pronominis</span> 
     </span>
     <span class='ocr_line' id='line_1_7' title="bbox 317 1061 1480 1144; baseline 0.001 -18"><span class='ocrx_word' id='word_1_46' title='bbox 317 1061 401 1126; x_wconf 76' lang='grc' dir='ltr'>ὅττι(</span> <span class='ocrx_word' id='word_1_47' title='bbox 416 1065 546 1140; x_wconf 88' lang='lat' dir='ltr'>genetivi</span> <span class='ocrx_word' id='word_1_48' title='bbox 568 1081 656 1123; x_wconf 91' lang='lat' dir='ltr'>usum</span> <span class='ocrx_word' id='word_1_49' title='bbox 676 1062 877 1122; x_wconf 89' lang='lat' dir='ltr'>Homericum.</span> <span class='ocrx_word' id='word_1_50' title='bbox 912 1064 1007 1140; x_wconf 75' lang='lat' dir='ltr'>Atque</span> <span class='ocrx_word' id='word_1_51' title='bbox 1031 1081 1098 1124; x_wconf 89' lang='lat' dir='ltr'>uum</span> <span class='ocrx_word' id='word_1_52' title='bbox 1121 1067 1281 1144; x_wconf 80' lang='lat' dir='ltr'>quinquies</span> <span class='ocrx_word' id='word_1_53' title='bbox 1307 1068 1480 1143; x_wconf 77' lang='lat' dir='ltr'>genetivum</span> 
     </span>
     <span class='ocr_line' id='line_1_8' title="bbox 317 1161 1480 1246; baseline 0 -19"><span class='ocrx_word' id='word_1_54' title='bbox 317 1168 460 1245; x_wconf 90' lang='lat' dir='ltr'>scriptum</span> <span class='ocrx_word' id='word_1_55' title='bbox 485 1166 634 1242; x_wconf 84' lang='lat' dir='ltr'>legamus,</span> <span class='ocrx_word' id='word_1_56' title='bbox 664 1182 809 1244; x_wconf 84' lang='lat' dir='ltr'>nusquam</span> <span class='ocrx_word' id='word_1_57' title='bbox 840 1161 966 1228; x_wconf 73' lang='grc' dir='ltr'>οὗτινος</span> <span class='ocrx_word' id='word_1_58' title='bbox 994 1172 1044 1225; x_wconf 86' lang='lat' dir='ltr'>eut</span> <span class='ocrx_word' id='word_1_59' title='bbox 1067 1161 1145 1228; x_wconf 89' lang='grc' dir='ltr'>ὅτου</span> <span class='ocrx_word' id='word_1_60' title='bbox 1168 1167 1279 1228; x_wconf 82' lang='lat' dir='ltr'>formas</span> <span class='ocrx_word' id='word_1_61' title='bbox 1301 1168 1480 1246; x_wconf 87' lang='lat' dir='ltr'>reperimus,</span> 
     </span>
     <span class='ocr_line' id='line_1_9' title="bbox 317 1263 1479 1348; baseline 0.003 -22"><span class='ocrx_word' id='word_1_62' title='bbox 317 1267 369 1328; x_wconf 93' lang='lat' dir='ltr'>sed</span> <span class='ocrx_word' id='word_1_63' title='bbox 403 1266 460 1328; x_wconf 91' lang='lat' dir='ltr'>bis</span> <span class='ocrx_word' id='word_1_64' title='bbox 492 1265 544 1328; x_wconf 87' lang='grc' dir='ltr'>καὶ</span> <span class='ocrx_word' id='word_1_65' title='bbox 577 1263 669 1328; x_wconf 91' lang='grc' dir='ltr'>ὅτευ</span> <span class='ocrx_word' id='word_1_66' title='bbox 697 1264 891 1343; x_wconf 72' lang='grc' dir='ltr'>κεχρημένοι</span> <span class='ocrx_word' id='word_1_67' title='bbox 924 1263 1013 1328; x_wconf 81' lang='grc' dir='ltr'>ἔλθοι</span> <span class='ocrx_word' id='word_1_68' title='bbox 1041 1263 1141 1342; x_wconf 80' lang='grc' dir='ltr'>ρ421</span> <span class='ocrx_word' id='word_1_69' title='bbox 1172 1275 1202 1326; x_wconf 91' lang='lat' dir='ltr'>et</span> <span class='ocrx_word' id='word_1_70' title='bbox 1223 1287 1241 1329; x_wconf 94' lang='grc' dir='ltr'>τ</span> <span class='ocrx_word' id='word_1_71' title='bbox 1264 1265 1320 1348; x_wconf 81' lang='grc'>77,</span> <span class='ocrx_word' id='word_1_72' title='bbox 1339 1267 1397 1331; x_wconf 91' lang='lat' dir='ltr'>ubi</span> <span class='ocrx_word' id='word_1_73' title='bbox 1425 1269 1479 1330; x_wconf 89' lang='lat' dir='ltr'>aii·</span> 
     </span>
     <span class='ocr_line' id='line_1_10' title="bbox 317 1365 1480 1447; baseline 0.003 -19"><span class='ocrx_word' id='word_1_74' title='bbox 317 1375 363 1428; x_wconf 88' lang='lat' dir='ltr'>ter</span> <span class='ocrx_word' id='word_1_75' title='bbox 385 1369 443 1446; x_wconf 86' lang='lat' dir='ltr'>legi</span> <span class='ocrx_word' id='word_1_76' title='bbox 466 1387 525 1428; x_wconf 93' lang='lat' dir='ltr'>non</span> <span class='ocrx_word' id='word_1_77' title='bbox 548 1385 634 1446; x_wconf 87' lang='lat' dir='ltr'>posse</span> <span class='ocrx_word' id='word_1_78' title='bbox 657 1375 783 1428; x_wconf 88' lang='lat' dir='ltr'>metrum</span> <span class='ocrx_word' id='word_1_79' title='bbox 800 1368 900 1438; x_wconf 88' lang='lat' dir='ltr'>docet,</span> <span class='ocrx_word' id='word_1_80' title='bbox 929 1377 999 1444; x_wconf 89' lang='lat' dir='ltr'>etp</span> <span class='ocrx_word' id='word_1_81' title='bbox 1024 1365 1082 1428; x_wconf 93' lang='grc'>121</span> <span class='ocrx_word' id='word_1_82' title='bbox 1112 1365 1227 1432; x_wconf 87' lang='grc' dir='ltr'>ὅττευ</span> <span class='ocrx_word' id='word_1_83' title='bbox 1255 1368 1393 1447; x_wconf 84' lang='grc' dir='ltr'>χρηῖζων</span> <span class='ocrx_word' id='word_1_84' title='bbox 1415 1367 1480 1432; x_wconf 83' lang='grc' dir='ltr'>ἱκό-</span> 
     </span>
     <span class='ocr_line' id='line_1_11' title="bbox 316 1466 1479 1548; baseline 0 -16"><span class='ocrx_word' id='word_1_85' title='bbox 316 1488 377 1545; x_wconf 90' lang='grc' dir='ltr'>μην</span> <span class='ocrx_word' id='word_1_86' title='bbox 401 1466 622 1546; x_wconf 85' lang='grc' dir='ltr'>Λακεδαίμονα</span> <span class='ocrx_word' id='word_1_87' title='bbox 644 1469 731 1538; x_wconf 82' lang='grc' dir='ltr'>δῖαν,</span> <span class='ocrx_word' id='word_1_88' title='bbox 756 1469 808 1529; x_wconf 89' lang='lat' dir='ltr'>uhi</span> <span class='ocrx_word' id='word_1_89' title='bbox 830 1477 954 1548; x_wconf 90' lang='lat' dir='ltr'>propter</span> <span class='ocrx_word' id='word_1_90' title='bbox 983 1471 1134 1532; x_wconf 88' lang='lat' dir='ltr'>metricam</span> <span class='ocrx_word' id='word_1_91' title='bbox 1156 1473 1366 1531; x_wconf 88' lang='lat' dir='ltr'>necessitatem</span> <span class='ocrx_word' id='word_1_92' title='bbox 1387 1491 1406 1533; x_wconf 96' lang='grc' dir='ltr'>τ</span> <span class='ocrx_word' id='word_1_93' title='bbox 1428 1472 1479 1532; x_wconf 91' lang='lat' dir='ltr'>lit-</span> 
     </span>
     <span class='ocr_line' id='line_1_12' title="bbox 319 1568 1480 1648; baseline 0.003 -18"><span class='ocrx_word' id='word_1_94' title='bbox 319 1578 380 1631; x_wconf 90' lang='lat' dir='ltr'>tera</span> <span class='ocrx_word' id='word_1_95' title='bbox 404 1571 581 1648; x_wconf 85' lang='lat' dir='ltr'>geminanda</span> <span class='ocrx_word' id='word_1_96' title='bbox 604 1578 682 1640; x_wconf 76' lang='lat' dir='ltr'>erat:</span> <span class='ocrx_word' id='word_1_97' title='bbox 698 1603 741 1614; x_wconf 89' lang='lat'><em>-</em></span> <span class='ocrx_word' id='word_1_98' title='bbox 763 1588 798 1630; x_wconf 87' lang='lat' dir='ltr'>ac</span> <span class='ocrx_word' id='word_1_99' title='bbox 819 1571 943 1631; x_wconf 87' lang='lat' dir='ltr'>fortasse</span> <span class='ocrx_word' id='word_1_100' title='bbox 967 1573 1057 1631; x_wconf 88' lang='lat' dir='ltr'>etiam</span> <span class='ocrx_word' id='word_1_101' title='bbox 1080 1568 1185 1632; x_wconf 82' lang='grc'>(192</span> <span class='ocrx_word' id='word_1_102' title='bbox 1207 1572 1264 1632; x_wconf 94' lang='lat' dir='ltr'>huc</span> <span class='ocrx_word' id='word_1_103' title='bbox 1287 1573 1480 1634; x_wconf 76' lang='lat' dir='ltr'>referendum</span> 
     </span>
     <span class='ocr_line' id='line_1_13' title="bbox 317 1667 1480 1750; baseline 0.004 -18"><span class='ocrx_word' id='word_1_104' title='bbox 317 1679 376 1742; x_wconf 90' lang='lat' dir='ltr'>est,</span> <span class='ocrx_word' id='word_1_105' title='bbox 402 1671 453 1732; x_wconf 89' lang='lat' dir='ltr'>ubi</span> <span class='ocrx_word' id='word_1_106' title='bbox 475 1689 530 1750; x_wconf 89' lang='lat' dir='ltr'>pro</span> <span class='ocrx_word' id='word_1_107' title='bbox 553 1668 655 1733; x_wconf 87' lang='grc' dir='ltr'>ἄλλου</span> <span class='ocrx_word' id='word_1_108' title='bbox 678 1669 711 1733; x_wconf 84' lang='grc' dir='ltr'>δ’</span> <span class='ocrx_word' id='word_1_109' title='bbox 740 1667 779 1732; x_wconf 85' lang='grc' dir='ltr'>οὔ</span> <span class='ocrx_word' id='word_1_110' title='bbox 808 1689 863 1733; x_wconf 91' lang='grc' dir='ltr'>τευ</span> <span class='ocrx_word' id='word_1_111' title='bbox 886 1667 961 1734; x_wconf 86' lang='grc' dir='ltr'>οἴδα</span> <span class='ocrx_word' id='word_1_112' title='bbox 982 1673 1049 1733; x_wconf 82' lang='grc' dir='ltr'>τευ</span> <span class='ocrx_word' id='word_1_113' title='bbox 1077 1670 1116 1735; x_wconf 83' lang='grc' dir='ltr'>ἂν</span> <span class='ocrx_word' id='word_1_114' title='bbox 1144 1672 1242 1734; x_wconf 87' lang='grc' dir='ltr'>κλυτὰ</span> <span class='ocrx_word' id='word_1_115' title='bbox 1268 1672 1382 1750; x_wconf 88' lang='grc' dir='ltr'>τεύχεα</span> <span class='ocrx_word' id='word_1_116' title='bbox 1411 1672 1480 1737; x_wconf 85' lang='grc' dir='ltr'>δύω</span> 
     </span>
     <span class='ocr_line' id='line_1_14' title="bbox 317 1769 1479 1853; baseline 0.003 -20"><span class='ocrx_word' id='word_1_117' title='bbox 317 1776 514 1835; x_wconf 86' lang='lat' dir='ltr'>coniectatum</span> <span class='ocrx_word' id='word_1_118' title='bbox 542 1780 587 1833; x_wconf 91' lang='lat' dir='ltr'>est</span> <span class='ocrx_word' id='word_1_119' title='bbox 609 1769 688 1834; x_wconf 80' lang='grc' dir='ltr'>οἶδ’</span> <span class='ocrx_word' id='word_1_120' title='bbox 711 1770 803 1835; x_wconf 89' lang='grc' dir='ltr'>ὅτευ</span> <span class='ocrx_word' id='word_1_121' title='bbox 826 1806 867 1818; x_wconf 90' lang='lat'>-</span> <span class='ocrx_word' id='word_1_122' title='bbox 897 1773 1011 1834; x_wconf 89' lang='lat' dir='ltr'>duobus</span> <span class='ocrx_word' id='word_1_123' title='bbox 1039 1775 1161 1853; x_wconf 90' lang='lat' dir='ltr'>reliquis</span> <span class='ocrx_word' id='word_1_124' title='bbox 1189 1793 1210 1837; x_wconf 96' lang='grc' dir='ltr'>α</span> <span class='ocrx_word' id='word_1_125' title='bbox 1234 1771 1295 1834; x_wconf 90' lang='grc'>124</span> <span class='ocrx_word' id='word_1_126' title='bbox 1324 1782 1353 1835; x_wconf 92' lang='lat' dir='ltr'>et</span> <span class='ocrx_word' id='word_1_127' title='bbox 1375 1793 1394 1852; x_wconf 92' lang='grc' dir='ltr'>χ</span> <span class='ocrx_word' id='word_1_128' title='bbox 1416 1773 1479 1837; x_wconf 78' lang='lat'>377</span> 
     </span>
     <span class='ocr_line' id='line_1_15' title="bbox 317 1871 1480 1955; baseline -0.001 -18"><span class='ocrx_word' id='word_1_129' title='bbox 317 1873 410 1938; x_wconf 92' lang='grc' dir='ltr'>ὅττεό</span> <span class='ocrx_word' id='word_1_130' title='bbox 432 1893 468 1952; x_wconf 90' lang='grc' dir='ltr'>με</span> <span class='ocrx_word' id='word_1_131' title='bbox 491 1874 551 1953; x_wconf 87' lang='grc' dir='ltr'>χρή</span> <span class='ocrx_word' id='word_1_132' title='bbox 574 1875 660 1952; x_wconf 88' lang='lat' dir='ltr'>vulgo</span> <span class='ocrx_word' id='word_1_133' title='bbox 683 1871 776 1937; x_wconf 85' lang='grc' dir='ltr'>ὅττεο</span> <span class='ocrx_word' id='word_1_134' title='bbox 799 1875 939 1935; x_wconf 88' lang='lat' dir='ltr'>traditum</span> <span class='ocrx_word' id='word_1_135' title='bbox 964 1883 1018 1936; x_wconf 90' lang='lat' dir='ltr'>est.</span> <span class='ocrx_word' id='word_1_136' title='bbox 1049 1875 1121 1936; x_wconf 83' lang='lat' dir='ltr'>Cum</span> <span class='ocrx_word' id='word_1_137' title='bbox 1144 1877 1236 1952; x_wconf 89' lang='lat' dir='ltr'>igitur</span> <span class='ocrx_word' id='word_1_138' title='bbox 1256 1883 1378 1955; x_wconf 90' lang='lat' dir='ltr'>praeter</span> <span class='ocrx_word' id='word_1_139' title='bbox 1399 1877 1480 1936; x_wconf 92' lang='lat' dir='ltr'>hunc</span> 
     </span>
     <span class='ocr_line' id='line_1_16' title="bbox 316 1973 1479 2057; baseline 0.003 -23"><span class='ocrx_word' id='word_1_140' title='bbox 316 1995 434 2037; x_wconf 90' lang='lat' dir='ltr'>versum</span> <span class='ocrx_word' id='word_1_141' title='bbox 462 1976 498 2037; x_wconf 93' lang='lat' dir='ltr'>de</span> <span class='ocrx_word' id='word_1_142' title='bbox 527 1994 585 2055; x_wconf 95' lang='lat' dir='ltr'>quo</span> <span class='ocrx_word' id='word_1_143' title='bbox 614 1975 812 2054; x_wconf 90' lang='lat' dir='ltr'>disceptamus</span> <span class='ocrx_word' id='word_1_144' title='bbox 847 1977 939 2037; x_wconf 90' lang='lat' dir='ltr'>semel</span> <span class='ocrx_word' id='word_1_145' title='bbox 973 1985 1087 2038; x_wconf 82' lang='lat' dir='ltr'>tanturn</span> <span class='ocrx_word' id='word_1_146' title='bbox 1123 1973 1216 2039; x_wconf 89' lang='grc' dir='ltr'>ὅττεο</span> <span class='ocrx_word' id='word_1_147' title='bbox 1244 1979 1361 2038; x_wconf 84' lang='lat' dir='ltr'>feratur</span> <span class='ocrx_word' id='word_1_148' title='bbox 1389 1978 1479 2057; x_wconf 91' lang='lat' dir='ltr'>idque</span> 
     </span>
     <span class='ocr_line' id='line_1_17' title="bbox 316 2076 1480 2158; baseline 0.003 -22"><span class='ocrx_word' id='word_1_149' title='bbox 316 2079 346 2137; x_wconf 97' lang='lat' dir='ltr'>in</span> <span class='ocrx_word' id='word_1_150' title='bbox 374 2096 462 2139; x_wconf 88' lang='lat' dir='ltr'>versu</span> <span class='ocrx_word' id='word_1_151' title='bbox 495 2076 658 2157; x_wconf 83' lang='lat' dir='ltr'>simillimo,</span> <span class='ocrx_word' id='word_1_152' title='bbox 692 2077 791 2138; x_wconf 84' lang='lat' dir='ltr'>iecere</span> <span class='ocrx_word' id='word_1_153' title='bbox 814 2096 874 2138; x_wconf 93' lang='lat' dir='ltr'>non</span> <span class='ocrx_word' id='word_1_154' title='bbox 902 2097 1076 2157; x_wconf 89' lang='lat' dir='ltr'>possumus,</span> <span class='ocrx_word' id='word_1_155' title='bbox 1112 2081 1184 2158; x_wconf 91' lang='lat' dir='ltr'>quin</span> <span class='ocrx_word' id='word_1_156' title='bbox 1211 2079 1359 2141; x_wconf 83' lang='lat' dir='ltr'>Rhianum</span> <span class='ocrx_word' id='word_1_157' title='bbox 1389 2081 1480 2140; x_wconf 90' lang='lat' dir='ltr'>etiam</span> 
     </span>
     <span class='ocr_line' id='line_1_18' title="bbox 316 2175 1479 2259; baseline 0.002 -19"><span class='ocrx_word' id='word_1_158' title='bbox 316 2176 419 2256; x_wconf 65' lang='lat' dir='ltr'>porr</span> <span class='ocrx_word' id='word_1_159' title='bbox 448 2175 540 2242; x_wconf 85' lang='grc' dir='ltr'>ὅττευ</span> <span class='ocrx_word' id='word_1_160' title='bbox 573 2179 739 2240; x_wconf 83' lang='lat' dir='ltr'>correxisse</span> <span class='ocrx_word' id='word_1_161' title='bbox 771 2176 941 2259; x_wconf 70' lang='lat' dir='ltr'>produco</span> <span class='ocrx_word' id='word_1_162' title='bbox 971 2187 1000 2242; x_wconf 89' lang='lat' dir='ltr'>et</span> <span class='ocrx_word' id='word_1_163' title='bbox 1027 2181 1105 2240; x_wconf 89' lang='lat' dir='ltr'>hanc</span> <span class='ocrx_word' id='word_1_164' title='bbox 1126 2182 1256 2258; x_wconf 89' lang='lat' dir='ltr'>genetivi</span> <span class='ocrx_word' id='word_1_165' title='bbox 1285 2182 1411 2242; x_wconf 82' lang='lat' dir='ltr'>sormam</span> <span class='ocrx_word' id='word_1_166' title='bbox 1440 2180 1479 2242; x_wconf 89' lang='lat' dir='ltr'>ab</span> 
     </span>
     <span class='ocr_line' id='line_1_19' title="bbox 316 2280 1479 2360; baseline 0.002 -20"><span class='ocrx_word' id='word_1_167' title='bbox 316 2280 444 2341; x_wconf 89' lang='lat' dir='ltr'>Homero</span> <span class='ocrx_word' id='word_1_168' title='bbox 473 2282 562 2359; x_wconf 86' lang='lat' dir='ltr'>plano</span> <span class='ocrx_word' id='word_1_169' title='bbox 590 2281 803 2342; x_wconf 86' lang='lat' dir='ltr'>abiudicavisse</span> <span class='ocrx_word' id='word_1_170' title='bbox 827 2297 1010 2342; x_wconf 81' lang='lat' dir='ltr'>censeamus.</span> <span class='ocrx_word' id='word_1_171' title='bbox 1055 2283 1145 2344; x_wconf 87' lang='lat' dir='ltr'>Cuius</span> <span class='ocrx_word' id='word_1_172' title='bbox 1172 2282 1291 2360; x_wconf 90' lang='lat' dir='ltr'>quidem</span> <span class='ocrx_word' id='word_1_173' title='bbox 1315 2284 1479 2342; x_wconf 85' lang='lat' dir='ltr'>sententiae</span> 
     </span>
     <span class='ocr_line' id='line_1_20' title="bbox 316 2381 1479 2462; baseline 0.003 -21"><span class='ocrx_word' id='word_1_174' title='bbox 316 2381 389 2442; x_wconf 80' lang='lat' dir='ltr'>naec</span> <span class='ocrx_word' id='word_1_175' title='bbox 411 2381 526 2442; x_wconf 87' lang='lat' dir='ltr'>Rhiano</span> <span class='ocrx_word' id='word_1_176' title='bbox 546 2383 578 2442; x_wconf 93' lang='lat' dir='ltr'>in</span> <span class='ocrx_word' id='word_1_177' title='bbox 600 2389 739 2462; x_wconf 90' lang='lat' dir='ltr'>promptu</span> <span class='ocrx_word' id='word_1_178' title='bbox 762 2390 848 2443; x_wconf 86' lang='lat' dir='ltr'>crant</span> <span class='ocrx_word' id='word_1_179' title='bbox 869 2390 1053 2460; x_wconf 88' lang='lat' dir='ltr'>argumenta.</span> <span class='ocrx_word' id='word_1_180' title='bbox 1083 2383 1215 2444; x_wconf 89' lang='lat' dir='ltr'>Primum</span> <span class='ocrx_word' id='word_1_181' title='bbox 1237 2384 1316 2444; x_wconf 91' lang='lat' dir='ltr'>enim</span> <span class='ocrx_word' id='word_1_182' title='bbox 1338 2402 1397 2445; x_wconf 93' lang='lat' dir='ltr'>non</span> <span class='ocrx_word' id='word_1_183' title='bbox 1412 2384 1479 2444; x_wconf 93' lang='lat' dir='ltr'>nul·</span> 
     </span>
     <span class='ocr_line' id='line_1_21' title="bbox 316 2483 1478 2564; baseline 0.002 -21"><span class='ocrx_word' id='word_1_184' title='bbox 316 2483 374 2544; x_wconf 90' lang='lat' dir='ltr'>iius</span> <span class='ocrx_word' id='word_1_185' title='bbox 395 2484 537 2546; x_wconf 80' lang='lat' dir='ltr'>momenti</span> <span class='ocrx_word' id='word_1_186' title='bbox 560 2490 618 2553; x_wconf 90' lang='lat' dir='ltr'>est,</span> <span class='ocrx_word' id='word_1_187' title='bbox 648 2484 727 2563; x_wconf 93' lang='lat' dir='ltr'>quod</span> <span class='ocrx_word' id='word_1_188' title='bbox 749 2485 779 2543; x_wconf 93' lang='lat' dir='ltr'>in</span> <span class='ocrx_word' id='word_1_189' title='bbox 802 2487 970 2545; x_wconf 88' lang='lat' dir='ltr'>recentiore</span> <span class='ocrx_word' id='word_1_190' title='bbox 999 2484 1124 2544; x_wconf 85' lang='lat' dir='ltr'>dialecto</span> <span class='ocrx_word' id='word_1_191' title='bbox 1148 2485 1247 2546; x_wconf 89' lang='lat' dir='ltr'>ionica</span> <span class='ocrx_word' id='word_1_192' title='bbox 1279 2487 1356 2564; x_wconf 90' lang='lat' dir='ltr'>apud</span> <span class='ocrx_word' id='word_1_193' title='bbox 1383 2485 1478 2545; x_wconf 92' lang='lat' dir='ltr'>Hero-</span> 
     </span>
     <span class='ocr_line' id='line_1_22' title="bbox 316 2582 1479 2665; baseline 0.002 -21"><span class='ocrx_word' id='word_1_194' title='bbox 316 2585 418 2645; x_wconf 89' lang='lat' dir='ltr'>dotum</span> <span class='ocrx_word' id='word_1_195' title='bbox 446 2582 521 2648; x_wconf 92' lang='grc' dir='ltr'>ὅτεο</span> <span class='ocrx_word' id='word_1_196' title='bbox 552 2603 713 2664; x_wconf 91' lang='lat' dir='ltr'>nusquam,</span> <span class='ocrx_word' id='word_1_197' title='bbox 748 2582 827 2647; x_wconf 90' lang='grc' dir='ltr'>ὅτου</span> <span class='ocrx_word' id='word_1_198' title='bbox 856 2586 947 2646; x_wconf 91' lang='lat' dir='ltr'>semei</span> <span class='ocrx_word' id='word_1_199' title='bbox 976 2586 1002 2646; x_wconf 88' lang='lat'>11</span> <span class='ocrx_word' id='word_1_200' title='bbox 1033 2583 1093 2647; x_wconf 78' lang='grc'>173</span> <span class='ocrx_word' id='word_1_201' title='bbox 1121 2593 1347 2665; x_wconf 87' lang='lat' dir='ltr'>usurpatur-</span> <span class='ocrx_word' id='word_1_202' title='bbox 1374 2587 1479 2646; x_wconf 89' lang='lat' dir='ltr'>nami</span> 
     </span>
     <span class='ocr_line' id='line_1_23' title="bbox 318 2683 1477 2759; baseline 0.003 -13"><span class='ocrx_word' id='word_1_203' title='bbox 318 2683 378 2748; x_wconf 87' lang='grc'>145</span> <span class='ocrx_word' id='word_1_204' title='bbox 400 2695 430 2747; x_wconf 92' lang='lat' dir='ltr'>et</span> <span class='ocrx_word' id='word_1_205' title='bbox 452 2683 555 2748; x_wconf 87' lang='grc'>11163</span> <span class='ocrx_word' id='word_1_206' title='bbox 577 2688 607 2747; x_wconf 95' lang='lat' dir='ltr'>in</span> <span class='ocrx_word' id='word_1_207' title='bbox 631 2686 811 2748; x_wconf 87' lang='lat' dir='ltr'>editionibus</span> <span class='ocrx_word' id='word_1_208' title='bbox 833 2689 1002 2747; x_wconf 91' lang='lat' dir='ltr'>novissimis</span> <span class='ocrx_word' id='word_1_209' title='bbox 1029 2698 1197 2748; x_wconf 89' lang='lat' dir='ltr'>correctum</span> <span class='ocrx_word' id='word_1_210' title='bbox 1220 2696 1265 2748; x_wconf 90' lang='lat' dir='ltr'>est</span> <span class='ocrx_word' id='word_1_211' title='bbox 1287 2689 1317 2748; x_wconf 94' lang='lat' dir='ltr'>iu</span> <span class='ocrx_word' id='word_1_212' title='bbox 1339 2683 1413 2750; x_wconf 89' lang='grc' dir='ltr'>ὅτευ</span> <span class='ocrx_word' id='word_1_213' title='bbox 1425 2721 1477 2759; x_wconf 86' lang='grc'>-,</span> 
     </span>
     <span class='ocr_line' id='line_1_24' title="bbox 316 2785 1478 2866; baseline 0 -17"><span class='ocrx_word' id='word_1_214' title='bbox 316 2790 424 2850; x_wconf 90' lang='lat' dir='ltr'>ceteris</span> <span class='ocrx_word' id='word_1_215' title='bbox 445 2789 517 2850; x_wconf 89' lang='lat' dir='ltr'>locis</span> <span class='ocrx_word' id='word_1_216' title='bbox 540 2789 677 2850; x_wconf 89' lang='lat' dir='ltr'>omnibus</span> <span class='ocrx_word' id='word_1_217' title='bbox 700 2785 774 2851; x_wconf 92' lang='grc' dir='ltr'>ὅτευ</span> <span class='ocrx_word' id='word_1_218' title='bbox 797 2790 943 2849; x_wconf 88' lang='lat' dir='ltr'>constanti</span> <span class='ocrx_word' id='word_1_219' title='bbox 967 2808 1022 2849; x_wconf 92' lang='lat' dir='ltr'>usu</span> <span class='ocrx_word' id='word_1_220' title='bbox 1044 2797 1197 2866; x_wconf 88' lang='lat' dir='ltr'>receptum</span> <span class='ocrx_word' id='word_1_221' title='bbox 1221 2797 1275 2849; x_wconf 90' lang='lat' dir='ltr'>est.</span> <span class='ocrx_word' id='word_1_222' title='bbox 1319 2789 1478 2849; x_wconf 87' lang='lat' dir='ltr'>Praeterea</span> 
     </span>
     <span class='ocr_line' id='line_1_25' title="bbox 317 2886 1477 2968; baseline -0.001 -17"><span class='ocrx_word' id='word_1_223' title='bbox 317 2891 395 2952; x_wconf 89' lang='lat' dir='ltr'>vocis</span> <span class='ocrx_word' id='word_1_224' title='bbox 429 2888 539 2954; x_wconf 75' lang='grc' dir='ltr'>οὔτι(</span> <span class='ocrx_word' id='word_1_225' title='bbox 573 2893 726 2968; x_wconf 84' lang='lat' dir='ltr'>genetivus</span> <span class='ocrx_word' id='word_1_226' title='bbox 766 2899 811 2952; x_wconf 92' lang='lat' dir='ltr'>est</span> <span class='ocrx_word' id='word_1_227' title='bbox 845 2887 954 2953; x_wconf 72' lang='grc' dir='ltr'>οὕτως</span> <span class='ocrx_word' id='word_1_228' title='bbox 1001 2887 1022 2951; x_wconf 72' lang='lat' dir='ltr'>C</span> <span class='ocrx_word' id='word_1_229' title='bbox 1052 2886 1121 2949; x_wconf 89' lang='lat'>192.</span> <span class='ocrx_word' id='word_1_230' title='bbox 1173 2890 1374 2950; x_wconf 76' lang='lat' dir='ltr'>indefiniti</span> <span class='ocrx_word' id='word_1_231' title='bbox 1407 2907 1477 2950; x_wconf 91' lang='lat' dir='ltr'>vero</span> 
     </span>
     <span class='ocr_line' id='line_1_26' title="bbox 315 2987 1475 3070; baseline -0.001 -19"><span class='ocrx_word' id='word_1_232' title='bbox 315 2993 499 3070; x_wconf 90' lang='lat' dir='ltr'>pronominis</span> <span class='ocrx_word' id='word_1_233' title='bbox 514 2989 560 3055; x_wconf 84' lang='grc' dir='ltr'>τίε</span> <span class='ocrx_word' id='word_1_234' title='bbox 581 2993 736 3070; x_wconf 83' lang='lat' dir='ltr'>genetivus</span> <span class='ocrx_word' id='word_1_235' title='bbox 759 2991 857 3053; x_wconf 92' lang='lat' dir='ltr'>decies</span> <span class='ocrx_word' id='word_1_236' title='bbox 880 2993 990 3068; x_wconf 88' lang='lat' dir='ltr'>septies</span> <span class='ocrx_word' id='word_1_237' title='bbox 1014 2997 1059 3051; x_wconf 90' lang='lat' dir='ltr'>est</span> <span class='ocrx_word' id='word_1_238' title='bbox 1073 2991 1127 3052; x_wconf 85' lang='grc' dir='ltr'>τεῦ</span> <span class='ocrx_word' id='word_1_239' title='bbox 1152 2989 1174 3051; x_wconf 88' lang='lat' dir='ltr'>B</span> <span class='ocrx_word' id='word_1_240' title='bbox 1189 2987 1261 3052; x_wconf 82' lang='lat'>388.</span> <span class='ocrx_word' id='word_1_241' title='bbox 1278 2987 1349 3054; x_wconf 88' lang='grc'>390.</span> <span class='ocrx_word' id='word_1_242' title='bbox 1367 2989 1388 3052; x_wconf 87' lang='grc' dir='ltr'>Ε</span> <span class='ocrx_word' id='word_1_243' title='bbox 1403 2987 1475 3051; x_wconf 78' lang='grc'>897.</span> 
     </span>
     <span class='ocr_line' id='line_1_27' title="bbox 317 3088 1475 3166; baseline -0.003 -11"><span class='ocrx_word' id='word_1_244' title='bbox 317 3089 438 3155; x_wconf 91' lang='grc' dir='ltr'>Ν252.</span> <span class='ocrx_word' id='word_1_245' title='bbox 467 3089 539 3155; x_wconf 85' lang='grc'>559.</span> <span class='ocrx_word' id='word_1_246' title='bbox 568 3089 687 3156; x_wconf 87' lang='grc' dir='ltr'>Τ262.</span> <span class='ocrx_word' id='word_1_247' title='bbox 716 3089 841 3154; x_wconf 84' lang='grc' dir='ltr'>Ψ331.</span> <span class='ocrx_word' id='word_1_248' title='bbox 871 3089 987 3166; x_wconf 86' lang='grc' dir='ltr'>γ348.</span> <span class='ocrx_word' id='word_1_249' title='bbox 1016 3088 1128 3153; x_wconf 89' lang='grc' dir='ltr'>δ264.</span> <span class='ocrx_word' id='word_1_250' title='bbox 1157 3088 1245 3157; x_wconf 79' lang='grc'>168.</span> <span class='ocrx_word' id='word_1_251' title='bbox 1271 3088 1340 3152; x_wconf 90' lang='grc'>192.</span> <span class='ocrx_word' id='word_1_252' title='bbox 1371 3089 1475 3154; x_wconf 81' lang='grc' dir='ltr'>ι497.</span> 
     </span>
     <span class='ocr_line' id='line_1_28' title="bbox 316 3190 1478 3273; baseline -0.003 -15"><span class='ocrx_word' id='word_1_253' title='bbox 316 3191 425 3258; x_wconf 84' lang='grc' dir='ltr'>ξ510.</span> <span class='ocrx_word' id='word_1_254' title='bbox 450 3214 468 3271; x_wconf 94' lang='grc' dir='ltr'>ρ</span> <span class='ocrx_word' id='word_1_255' title='bbox 493 3192 563 3255; x_wconf 91' lang='grc'>115.</span> <span class='ocrx_word' id='word_1_256' title='bbox 590 3214 609 3256; x_wconf 96' lang='grc' dir='ltr'>τ</span> <span class='ocrx_word' id='word_1_257' title='bbox 633 3191 702 3255; x_wconf 84' lang='grc'>109.</span> <span class='ocrx_word' id='word_1_258' title='bbox 732 3214 759 3272; x_wconf 84' lang='grc' dir='ltr'>(ρ</span> <span class='ocrx_word' id='word_1_259' title='bbox 786 3191 857 3254; x_wconf 87' lang='grc'>210.</span> <span class='ocrx_word' id='word_1_260' title='bbox 887 3190 964 3264; x_wconf 88' lang='grc'><strong>306,</strong></span> <span class='ocrx_word' id='word_1_261' title='bbox 995 3213 1052 3254; x_wconf 91' lang='lat' dir='ltr'>uno</span> <span class='ocrx_word' id='word_1_262' title='bbox 1079 3196 1111 3254; x_wconf 92' lang='lat' dir='ltr'>in</span> <span class='ocrx_word' id='word_1_263' title='bbox 1134 3212 1223 3254; x_wconf 87' lang='lat' dir='ltr'>versu</span> <span class='ocrx_word' id='word_1_264' title='bbox 1250 3192 1305 3256; x_wconf 85' lang='grc' dir='ltr'>τέο</span> <span class='ocrx_word' id='word_1_265' title='bbox 1335 3196 1478 3273; x_wconf 92' lang='lat' dir='ltr'>scriptum</span> 
     </span>
     <span class='ocr_line' id='line_1_29' title="bbox 315 3292 1477 3377; baseline 0.001 -22"><span class='ocrx_word' id='word_1_266' title='bbox 315 3296 480 3356; x_wconf 87' lang='lat' dir='ltr'>invenimus</span> <span class='ocrx_word' id='word_1_267' title='bbox 502 3315 526 3358; x_wconf 95' lang='grc' dir='ltr'>π</span> <span class='ocrx_word' id='word_1_268' title='bbox 540 3292 603 3355; x_wconf 83' lang='grc'>305</span> <span class='ocrx_word' id='word_1_269' title='bbox 624 3294 675 3358; x_wconf 88' lang='grc' dir='ltr'>καί</span> <span class='ocrx_word' id='word_1_270' title='bbox 697 3293 731 3358; x_wconf 85' lang='grc' dir='ltr'>κε’</span> <span class='ocrx_word' id='word_1_271' title='bbox 753 3313 808 3358; x_wconf 90' lang='grc' dir='ltr'>τεο</span> <span class='ocrx_word' id='word_1_272' title='bbox 831 3295 948 3371; x_wconf 84' lang='grc' dir='ltr'>δμώων</span> <span class='ocrx_word' id='word_1_273' title='bbox 972 3293 1100 3372; x_wconf 84' lang='grc' dir='ltr'>ἀνδρῶν</span> <span class='ocrx_word' id='word_1_274' title='bbox 1123 3293 1169 3358; x_wconf 85' lang='grc' dir='ltr'>ἔτι</span> <span class='ocrx_word' id='word_1_275' title='bbox 1190 3297 1402 3377; x_wconf 83' lang='grc' dir='ltr'>πειρηθεῖμεν,</span> <span class='ocrx_word' id='word_1_276' title='bbox 1424 3295 1477 3357; x_wconf 91' lang='lat' dir='ltr'>nbi</span> 
     </span>
     <span class='ocr_line' id='line_1_30' title="bbox 315 3395 1477 3477; baseline 0.001 -20"><span class='ocrx_word' id='word_1_277' title='bbox 315 3405 437 3477; x_wconf 87' lang='lat' dir='ltr'>propter</span> <span class='ocrx_word' id='word_1_278' title='bbox 460 3403 587 3457; x_wconf 88' lang='lat' dir='ltr'>metrum</span> <span class='ocrx_word' id='word_1_279' title='bbox 611 3395 647 3458; x_wconf 94' lang='lat' dir='ltr'>de</span> <span class='ocrx_word' id='word_1_280' title='bbox 670 3399 796 3474; x_wconf 90' lang='lat' dir='ltr'>genuina</span> <span class='ocrx_word' id='word_1_281' title='bbox 812 3399 957 3476; x_wconf 87' lang='lat' dir='ltr'>scriptura</span> <span class='ocrx_word' id='word_1_282' title='bbox 974 3396 1110 3457; x_wconf 87' lang='lat' dir='ltr'>dubitare</span> <span class='ocrx_word' id='word_1_283' title='bbox 1125 3399 1174 3457; x_wconf 85' lang='lat' dir='ltr'>vix</span> <span class='ocrx_word' id='word_1_284' title='bbox 1190 3396 1275 3466; x_wconf 90' lang='lat' dir='ltr'>licet,</span> <span class='ocrx_word' id='word_1_285' title='bbox 1299 3415 1477 3476; x_wconf 84' lang='lat' dir='ltr'>quemquam</span> 
     </span>
     <span class='ocr_line' id='line_1_31' title="bbox 316 3495 1476 3578; baseline 0.001 -18"><span class='ocrx_word' id='word_1_286' title='bbox 316 3519 374 3561; x_wconf 94' lang='lat' dir='ltr'>non</span> <span class='ocrx_word' id='word_1_287' title='bbox 397 3497 711 3577; x_wconf 86' lang='lat' dir='ltr'>praetermittendum,</span> <span class='ocrx_word' id='word_1_288' title='bbox 735 3497 813 3578; x_wconf 90' lang='lat' dir='ltr'>quod</span> <span class='ocrx_word' id='word_1_289' title='bbox 836 3501 867 3559; x_wconf 91' lang='lat' dir='ltr'>iu</span> <span class='ocrx_word' id='word_1_290' title='bbox 891 3497 1011 3558; x_wconf 88' lang='lat' dir='ltr'>scholiis</span> <span class='ocrx_word' id='word_1_291' title='bbox 1032 3497 1183 3574; x_wconf 87' lang='lat' dir='ltr'>proditur:</span> <span class='ocrx_word' id='word_1_292' title='bbox 1221 3495 1240 3560; x_wconf 88' lang='grc' dir='ltr'>ὁ</span> <span class='ocrx_word' id='word_1_293' title='bbox 1265 3497 1300 3560; x_wconf 79' lang='grc' dir='ltr'>δὲ</span> <span class='ocrx_word' id='word_1_294' title='bbox 1323 3497 1476 3562; x_wconf 84' lang='grc' dir='ltr'>Ἀεκαλω-</span> 
     </span>
     <span class='ocr_line' id='line_1_32' title="bbox 315 3595 1478 3680; baseline -0.001 -17"><span class='ocrx_word' id='word_1_295' title='bbox 315 3600 401 3678; x_wconf 84' lang='grc' dir='ltr'>νὶτηε</span> <span class='ocrx_word' id='word_1_296' title='bbox 433 3598 689 3680; x_wconf 83' lang='grc' dir='ltr'>ἐτεοδμώων,</span> <span class='ocrx_word' id='word_1_297' title='bbox 722 3601 787 3663; x_wconf 84' lang='grc' dir='ltr'>τῶν</span> <span class='ocrx_word' id='word_1_298' title='bbox 820 3596 950 3674; x_wconf 84' lang='grc' dir='ltr'>ἀγαθῶν</span> <span class='ocrx_word' id='word_1_299' title='bbox 985 3596 1193 3675; x_wconf 86' lang='grc' dir='ltr'>θεραπόντων</span> <span class='ocrx_word' id='word_1_300' title='bbox 1226 3598 1245 3676; x_wconf 90' lang='grc' dir='ltr'>ἢ</span> <span class='ocrx_word' id='word_1_301' title='bbox 1275 3602 1340 3663; x_wconf 87' lang='grc' dir='ltr'>τῶν</span> <span class='ocrx_word' id='word_1_302' title='bbox 1373 3595 1478 3663; x_wconf 82' lang='grc' dir='ltr'>ὄντωε</span> 
     </span>
     <span class='ocr_line' id='line_1_33' title="bbox 314 3696 1477 3780; baseline -0.001 -17"><span class='ocrx_word' id='word_1_303' title='bbox 314 3700 476 3778; x_wconf 87' lang='grc' dir='ltr'>ἡμετέρων</span> <span class='ocrx_word' id='word_1_304' title='bbox 499 3700 628 3765; x_wconf 87' lang='grc' dir='ltr'>δούλων</span> <span class='ocrx_word' id='word_1_305' title='bbox 652 3700 756 3776; x_wconf 84' lang='lat' dir='ltr'>(schol.</span> <span class='ocrx_word' id='word_1_306' title='bbox 779 3699 860 3771; x_wconf 83' lang='lat' dir='ltr'>HMQ</span> <span class='ocrx_word' id='word_1_307' title='bbox 880 3701 967 3767; x_wconf 72' lang='lat' dir='ltr'>Vind.</span> <span class='ocrx_word' id='word_1_308' title='bbox 989 3696 1041 3770; x_wconf 83' lang='lat'>56,</span> <span class='ocrx_word' id='word_1_309' title='bbox 1067 3697 1135 3780; x_wconf 84' lang='lat'>133)</span> <span class='ocrx_word' id='word_1_310' title='bbox 1160 3708 1190 3760; x_wconf 90' lang='lat' dir='ltr'>et</span> <span class='ocrx_word' id='word_1_311' title='bbox 1211 3699 1402 3779; x_wconf 82' lang='grc' dir='ltr'>ἐτεοδμώων</span> <span class='ocrx_word' id='word_1_312' title='bbox 1426 3702 1477 3762; x_wconf 90' lang='lat' dir='ltr'>ha-</span> 
     </span>
     <span class='ocr_line' id='line_1_34' title="bbox 315 3799 1476 3882; baseline 0.001 -20"><span class='ocrx_word' id='word_1_313' title='bbox 315 3803 367 3862; x_wconf 92' lang='lat' dir='ltr'>het</span> <span class='ocrx_word' id='word_1_314' title='bbox 389 3804 477 3862; x_wconf 88' lang='lat' dir='ltr'>etiam</span> <span class='ocrx_word' id='word_1_315' title='bbox 493 3802 619 3882; x_wconf 77' lang='lat' dir='ltr'>Hesych.</span> <span class='ocrx_word' id='word_1_316' title='bbox 641 3803 667 3862; x_wconf 92' lang='lat' dir='ltr'>li</span> <span class='ocrx_word' id='word_1_317' title='bbox 682 3799 761 3862; x_wconf 89' lang='lat'>212:</span> <span class='ocrx_word' id='word_1_318' title='bbox 785 3821 860 3881; x_wconf 88' lang='lat' dir='ltr'>quae</span> <span class='ocrx_word' id='word_1_319' title='bbox 883 3803 1003 3881; x_wconf 92' lang='lat' dir='ltr'>quidem</span> <span class='ocrx_word' id='word_1_320' title='bbox 1025 3805 1197 3864; x_wconf 87' lang='lat' dir='ltr'>coniectura</span> <span class='ocrx_word' id='word_1_321' title='bbox 1220 3805 1268 3862; x_wconf 86' lang='lat' dir='ltr'>vix</span> <span class='ocrx_word' id='word_1_322' title='bbox 1290 3804 1366 3864; x_wconf 88' lang='lat' dir='ltr'>iacta</span> <span class='ocrx_word' id='word_1_323' title='bbox 1389 3810 1476 3872; x_wconf 85' lang='lat' dir='ltr'>esset,</span> 
     </span>
     <span class='ocr_line' id='line_1_35' title="bbox 316 3902 1477 3982; baseline -0.001 -17"><span class='ocrx_word' id='word_1_324' title='bbox 316 3905 374 3965; x_wconf 90' lang='lat' dir='ltr'>nisi</span> <span class='ocrx_word' id='word_1_325' title='bbox 408 3902 538 3963; x_wconf 90' lang='lat' dir='ltr'>insolens</span> <span class='ocrx_word' id='word_1_326' title='bbox 571 3905 700 3980; x_wconf 89' lang='lat' dir='ltr'>genetivi</span> <span class='ocrx_word' id='word_1_327' title='bbox 734 3904 827 3963; x_wconf 82' lang='lat' dir='ltr'>forma</span> <span class='ocrx_word' id='word_1_328' title='bbox 862 3905 1056 3982; x_wconf 90' lang='lat' dir='ltr'>suspitionem</span> <span class='ocrx_word' id='word_1_329' title='bbox 1096 3905 1245 3964; x_wconf 89' lang='lat' dir='ltr'>movisset.</span> <span class='ocrx_word' id='word_1_330' title='bbox 1294 3902 1477 3973; x_wconf 81' lang='lat' dir='ltr'>Quibuscum</span> 
     </span>
     <span class='ocr_line' id='line_1_36' title="bbox 316 4001 1477 4084; baseline 0 -18"><span class='ocrx_word' id='word_1_331' title='bbox 316 4007 454 4067; x_wconf 90' lang='lat' dir='ltr'>convenit</span> <span class='ocrx_word' id='word_1_332' title='bbox 487 4022 559 4065; x_wconf 91' lang='lat' dir='ltr'>usus</span> <span class='ocrx_word' id='word_1_333' title='bbox 588 4003 743 4075; x_wconf 87' lang='lat' dir='ltr'>Herodoti,</span> <span class='ocrx_word' id='word_1_334' title='bbox 778 4005 828 4084; x_wconf 92' lang='lat' dir='ltr'>qui</span> <span class='ocrx_word' id='word_1_335' title='bbox 862 4024 921 4066; x_wconf 95' lang='lat' dir='ltr'>uno</span> <span class='ocrx_word' id='word_1_336' title='bbox 955 4013 1078 4083; x_wconf 85' lang='lat' dir='ltr'>excepto</span> <span class='ocrx_word' id='word_1_337' title='bbox 1111 4005 1175 4065; x_wconf 92' lang='lat' dir='ltr'>loco</span> <span class='ocrx_word' id='word_1_338' title='bbox 1208 4001 1282 4067; x_wconf 85' lang='lat'>158</span> <span class='ocrx_word' id='word_1_339' title='bbox 1314 4001 1379 4066; x_wconf 89' lang='grc' dir='ltr'>ἀπό</span> <span class='ocrx_word' id='word_1_340' title='bbox 1413 4023 1477 4082; x_wconf 81' lang='grc' dir='ltr'>(μι-</span> 
     </span>
     <span class='ocr_line' id='line_1_37' title="bbox 315 4105 1477 4185; baseline -0.003 -14"><span class='ocrx_word' id='word_1_341' title='bbox 315 4109 392 4184; x_wconf 85' lang='grc' dir='ltr'>κροῦ</span> <span class='ocrx_word' id='word_1_342' title='bbox 415 4123 470 4168; x_wconf 91' lang='grc' dir='ltr'>τεο</span> <span class='ocrx_word' id='word_1_343' title='bbox 503 4123 622 4184; x_wconf 88' lang='lat' dir='ltr'>semper</span> <span class='ocrx_word' id='word_1_344' title='bbox 655 4107 709 4168; x_wconf 84' lang='grc' dir='ltr'>τεῦ</span> <span class='ocrx_word' id='word_1_345' title='bbox 740 4105 891 4185; x_wconf 87' lang='lat' dir='ltr'>praetulit.</span> <span class='ocrx_word' id='word_1_346' title='bbox 936 4106 979 4166; x_wconf 84' lang='lat' dir='ltr'>Ex</span> <span class='ocrx_word' id='word_1_347' title='bbox 1011 4107 1058 4167; x_wconf 90' lang='lat' dir='ltr'>his</span> <span class='ocrx_word' id='word_1_348' title='bbox 1089 4106 1181 4166; x_wconf 88' lang='lat' dir='ltr'>rebus</span> <span class='ocrx_word' id='word_1_349' title='bbox 1209 4123 1388 4184; x_wconf 88' lang='lat' dir='ltr'>quamquam</span> <span class='ocrx_word' id='word_1_350' title='bbox 1417 4125 1477 4168; x_wconf 96' lang='lat' dir='ltr'>non</span> 
     </span>
     <span class='ocr_line' id='line_1_38' title="bbox 315 4205 1478 4288; baseline -0.003 -16"><span class='ocrx_word' id='word_1_351' title='bbox 315 4209 409 4271; x_wconf 91' lang='lat' dir='ltr'>audeo</span> <span class='ocrx_word' id='word_1_352' title='bbox 437 4207 614 4268; x_wconf 85' lang='lat' dir='ltr'>concludere</span> <span class='ocrx_word' id='word_1_353' title='bbox 648 4208 764 4268; x_wconf 86' lang='lat' dir='ltr'>Rhiano</span> <span class='ocrx_word' id='word_1_354' title='bbox 793 4207 1058 4287; x_wconf 87' lang='lat' dir='ltr'>obtemperandum</span> <span class='ocrx_word' id='word_1_355' title='bbox 1085 4216 1115 4269; x_wconf 95' lang='lat' dir='ltr'>et</span> <span class='ocrx_word' id='word_1_356' title='bbox 1137 4205 1229 4272; x_wconf 86' lang='grc' dir='ltr'>ὅττεο</span> <span class='ocrx_word' id='word_1_357' title='bbox 1253 4210 1423 4288; x_wconf 89' lang='lat' dir='ltr'>genetivum</span> <span class='ocrx_word' id='word_1_358' title='bbox 1445 4216 1478 4269; x_wconf 89' lang='lat' dir='ltr'>ut</span> 
     </span>
     <span class='ocr_line' id='line_1_39' title="bbox 316 4309 1478 4380; baseline 0 -10"><span class='ocrx_word' id='word_1_359' title='bbox 316 4310 352 4371; x_wconf 89' lang='lat' dir='ltr'>ab</span> <span class='ocrx_word' id='word_1_360' title='bbox 379 4311 509 4373; x_wconf 88' lang='lat' dir='ltr'>Homero</span> <span class='ocrx_word' id='word_1_361' title='bbox 537 4309 665 4370; x_wconf 87' lang='lat' dir='ltr'>alienum</span> <span class='ocrx_word' id='word_1_362' title='bbox 694 4310 951 4370; x_wconf 83' lang='lat' dir='ltr'>exterminandum</span> <span class='ocrx_word' id='word_1_363' title='bbox 979 4328 1060 4380; x_wconf 88' lang='lat' dir='ltr'>esse,</span> <span class='ocrx_word' id='word_1_364' title='bbox 1089 4311 1145 4370; x_wconf 92' lang='lat' dir='ltr'>hoc</span> <span class='ocrx_word' id='word_1_365' title='bbox 1174 4318 1272 4371; x_wconf 89' lang='lat' dir='ltr'>tamen</span> <span class='ocrx_word' id='word_1_366' title='bbox 1302 4327 1478 4370; x_wconf 87' lang='lat' dir='ltr'>concessum</span> 
     </span>
    </p>
   </div>
   <div class='ocr_carea' id='block_1_3' title="bbox 0 0 1674 5157">
    <p class='ocr_par' dir='ltr' id='par_1_3' title="bbox 0 0 1674 5157">
     <span class='ocr_line' id='line_1_40' title="bbox 0 0 1674 5157; baseline 0 0"><span class='ocrx_word' id='word_1_367' title='bbox 0 0 1674 5157; x_wconf 95' lang='lat' dir='ltr'> </span> 
     </span>
    </p>
   </div>
  </div>
 </body>
</html>
