3340 5164
835 401 986 502 A

329 594 491 673 eademque
515 593 604 654 lectio
627 595 657 654 in
687 593 800 653 scholio
823 593 848 653 H
872 593 985 654 llhiano
1008 593 1177 664 trihuetur3
1205 593 1262 654 hoc
1285 604 1383 656 autem
1408 597 1495 657 scho-

327 695 389 756 lion
412 695 523 755 codicis
545 695 571 756 H
593 696 718 756 fortasse
741 696 908 755 mutilatum
933 703 975 755 est
1000 703 1030 755 et
1052 695 1205 757 intercidit
1221 699 1332 757 mentio
1355 698 1493 770 aliorum,

244 845 246 849 .
328 799 379 876 qui
409 795 547 860 ἀέκοντα
579 805 837 876 praeoptaverunt.
883 797 985 876 ltaque
1019 797 1134 857 Rhiano
1168 796 1294 858 debetur
1325 798 1415 859 lectio
1443 799 1496 860 ilia

329 899 496 978 aptissima,
530 916 620 977 qnam
649 897 730 958 nullo
758 898 981 959 contradicente
1010 901 1087 960 tueri
1120 905 1150 958 et
1177 899 1384 960 commendare
1414 919 1495 960 nnnc

329 999 527 1079 supersedere
550 1017 682 1081 possum.

279 1096 322 1160 26
413 1097 511 1174 γ24,
540 1101 593 1162 ubi
615 1101 746 1161 Minerva
774 1099 983 1162 Telemachum
1013 1111 1194 1171 commonet,
1224 1109 1257 1162 ut
1284 1108 1437 1163 strenuum
1461 1121 1494 1162 se

329 1210 462 1280 praestet
485 1211 516 1263 et
538 1203 723 1263 confidenter
745 1202 781 1263 ad
804 1202 962 1264 Nestorem
985 1204 1119 1272 accedat,
1141 1200 1190 1263 ille
1206 1222 1272 1263 cum
1295 1204 1415 1263 iuvenili
1438 1223 1493 1282 pu·

329 1304 400 1363 dore
424 1323 455 1364 se
479 1305 672 1365 inlacundum
695 1322 759 1364 esse
783 1306 824 1365 ait
847 1323 901 1364 nec
925 1306 1017 1373 scire,
1042 1324 1099 1384 quo
1115 1305 1201 1365 modo
1225 1323 1327 1365 senem
1349 1322 1494 1364 veneran-

329 1405 400 1466 dum
422 1405 613 1485 adloquatnr:

456 1503 554 1568 αίόὼ(
577 1505 612 1569 δ’
634 1503 674 1568 αὖ
697 1503 775 1569 νέον
798 1503 901 1583 ἄνδρα
922 1505 1108 1583 γεραίτερον
1130 1505 1313 1584 ἐξερέεώαι.

330 1607 429 1668 Schol.
452 1606 549 1670 αίόὼ(
571 1605 605 1668 δ’
626 1604 667 1669 αὖ
689 1605 766 1687 νέῳ
789 1605 917 1683 ἀνδρί·
948 1605 1035 1670 οὕτω
1058 1607 1236 1687 γράφου(ιν
1260 1606 1291 1670 οί
1312 1606 1392 1670 κατὰ
1413 1606 1494 1671 Ῥια-

329 1707 399 1773 νόν.
423 1708 503 1770 ΗΜ.
548 1709 606 1768 Pro
629 1705 667 1771 οί
689 1709 781 1769 Maur.
805 1708 989 1770 Schmidtius
1010 1709 1077 1770 Did.
1107 1730 1135 1789 p.
1161 1706 1222 1770 189
1250 1707 1287 1771 oi
1309 1707 1426 1778 maluit,
1456 1709 1492 1769 de

329 1830 387 1891 qna
409 1811 558 1871 locutione
581 1811 646 1871 vide
668 1829 697 1890 p.
721 1806 777 1880 23,
802 1811 852 1870 sed
869 1810 947 1871 hand
970 1813 1032 1871 scio
1054 1831 1091 1872 an
1114 1807 1238 1873 οἱκατὰ
1260 1808 1385 1874 Ῥιανόν
1401 1812 1493 1887 signi-

329 1916 418 1972 ticare
441 1915 536 1992 possit
557 1912 721 1973 Rhieneam
745 1909 904 1972 lectionem
927 1911 964 1974 ah
987 1913 1055 1973 aliis
1077 1930 1194 1992 quoqne
1216 1913 1419 1990 grammaticis
1440 1931 1492 1990 ap·

329 2013 484 2093 probatam
508 2031 588 2083 esse,
612 2031 688 2093 quae
711 2012 832 2092 quidem
848 2015 1058 2093 interpretatio
1074 2015 1200 2074 tortasse
1215 2012 1357 2092 praesidii
1380 2013 1492 2092 aliquid

329 2115 418 2176 hahet
442 2133 478 2174 ex
501 2114 614 2175 ultimis
642 2113 742 2174 verbis
764 2113 869 2174 scholii
893 2113 928 2172 ad
952 2112 978 2175 Ο
1004 2111 1063 2173 119
1085 2116 1223 2193 ascripti:
1260 2113 1371 2176 rtv'ec
1400 2111 1494 2190 ἔγρα-

329 2233 397 2295 ψαν
420 2215 495 2297 νέῳ
518 2213 644 2291 ἀνδρί.
679 2215 790 2275 Eodem
814 2211 971 2293 scholio⁴⁴l
996 2214 1085 2275 simul
1108 2225 1210 2294 aperte
1233 2215 1392 2285 indicatur,
1415 2235 1492 2295 quae

329 2317 444 2376 lihiano
466 2316 600 2376 mutandi
623 2333 710 2375 censa
733 2316 840 2374 inerit:
870 2316 962 2376 voluit
990 2319 1070 2376 enirn
1095 2317 1193 2376 dativo
1215 2319 1312 2396 posito
1334 2316 1492 2396 impedire,

329 2437 366 2478 ne
389 2420 457 2497 quis
477 2417 552 2478 falso
574 2413 759 2494 γεραίτερον
781 2434 837 2494 pro
859 2417 993 2478 subiecto
1015 2420 1174 2497 acciperet.
1212 2417 1290 2478 llaec
1305 2415 1494 2479 antem'eius

330 2521 407 2581 ratio
429 2519 603 2579 scholiastae
627 2517 818 2578 vehementer
847 2519 1016 2598 displicuit,
1045 2521 1096 2598 qui
1118 2519 1236 2580 Rhiano
1258 2520 1377 2580 crimini
1399 2519 1492 2589 dedit,

329 2621 408 2701 quod
431 2619 511 2680 iliam
540 2619 763 2697 ambiguitatem
794 2619 913 2680 dicendi
942 2620 1019 2700 apud
1048 2620 1209 2681 Homerum
1239 2639 1299 2681 non
1326 2621 1491 2682 inauditam
1594 2647 1597 2654 ·

330 2741 394 2784 esse
416 2724 562 2790 nesciret,
587 2721 725 2800 idemque
748 2723 852 2782 statuit
875 2721 1044 2784 Nitzsehins
1066 2721 1165 2782 adnot.
1194 2722 1230 2782 ad
1253 2722 1307 2783 Od.
1331 2722 1344 2781 1
1365 2741 1394 2801 p.
1420 2719 1492 2783 140.

330 2825 370 2886 λο
393 2831 473 2884 recte
503 2823 547 2884 illi
570 2822 691 2902 quidem
719 2823 827 2883 llhiani
857 2825 1050 2884 mutationem
1078 2841 1328 2902 supervacaneam
1356 2841 1422 2884 esse
1444 2823 1491 2884 di·

330 2933 457 3000 xerunt,
480 2943 546 2985 narn
570 2926 621 3003 qni
644 2926 675 2983 in
699 2924 788 2983 totius
809 2923 867 2983 loci
890 2925 1038 2984 rationem
1060 2932 1090 2984 et
1105 2927 1323 2985 sententiarum
1345 2941 1491 2985 conexum

329 3027 422 3106 probe
444 3026 620 3094 intenderit,
645 3032 812 3085 structurae
837 3024 1030 3102 ambiguitate
1054 3027 1093 3086 ita
1109 3025 1208 3105 decipi
1232 3045 1290 3088 non
1313 3028 1434 3106 poterit,
1458 3036 1492 3086 ut

300 3132 358 3204 *in
381 3128 465 3188 illurn
486 3127 703 3207 interpretandi
727 3143 861 3186 errorem
889 3127 1016 3195 incidat;
1046 3135 1075 3188 at
1102 3127 1159 3187 hoc
1185 3136 1285 3188 tamen
1316 3145 1490 3189 concessum

329 3229 431 3298 velim,
454 3228 602 3288 Rhianum
625 3246 684 3287 non
708 3233 765 3287 tam
788 3233 900 3287 temere
924 3229 1035 3304 egisse,
1059 3246 1146 3306 qnam
1170 3231 1289 3308 utrique
1312 3230 1407 3290 visum
1429 3237 1489 3289 est:

329 3329 406 3392 haud
439 3330 550 3388 iniuria
579 3329 657 3388 enirn
691 3345 852 3407 provocare
881 3336 997 3406 poterat
1025 3329 1060 3388 ad
1083 3348 1102 3392 ν
1123 3326 1201 3399 312,
1235 3331 1286 3408 qui
1319 3348 1424 3390 versus
1446 3339 1492 3391 est

328 3436 406 3493 inter
428 3433 492 3511 ipsa
521 3429 696 3490 documenta
725 3448 774 3500 ea,
804 3449 879 3509 qnae
903 3429 1074 3490 Nitzsehins
1096 3431 1115 3490 l.
1138 3430 1158 3490 1.
1188 3431 1300 3491 attulit:
1329 3428 1489 3507 ἀργαλέον
1547 3455 1552 3464 ·

328 3551 377 3614 (ε,
399 3529 472 3599 θεά,
500 3532 621 3605 γνῶναι
645 3533 777 3611 βροτῷ
799 3526 1017 3611 ἀντιάωντι,
1047 3530 1098 3591 ubi
1120 3530 1282 3601 HomeruS,
1311 3551 1489 3612 quamquam

328 3686 424 3693 ...—
434 3685 510 3692 .--‚
518 3686 529 3690 -

395 3783 439 3848 44)
459 3779 561 3834 Versus
580 3783 622 3835 est
641 3783 663 3836 0
684 3785 744 3834 119:
775 3781 814 3834 ὣ(
832 3781 921 3848 φοίτα
952 3781 997 3834 καί
1023 3783 1053 3848 ῥ’
1078 3781 1185 3836 ἵππου(
1211 3782 1310 3836 κέλετο
1332 3782 1439 3848 Δεῖμόν
1456 3799 1490 3837 τε

329 3868 423 3932 Φόβον
440 3881 472 3918 τε
490 3866 653 3931 Ζευγνιίμεν,
679 3863 819 3918 Scholion:
846 3865 954 3930 Δεῖμόν
980 3881 1012 3919 τε
1031 3866 1126 3930 Φόβον
1148 3881 1193 3919 τε·
1220 3867 1237 3932 ἡ
1261 3868 1344 3936 διπλῆ
1363 3867 1407 3920 ότι
1425 3867 1489 3920 ἀντὶ

327 3957 379 4007 τοί)
397 3949 494 4018 Δείμψ
513 3950 558 4002 καὶ
577 3950 676 4017 Φόβῳ,
701 3950 746 4002 καί
764 3950 807 4002 ότι
826 3949 959 4003 ἐντεῦθεν
981 3950 999 4015 ἡ
1019 3949 1112 4017 πλάνη
1131 3951 1230 4015 γέγονε
1252 3956 1312 4004 τοί(
1329 3950 1489 4017 δεξαμένα(

327 4040 433 4103 Δεῖμον
451 4036 498 4088 καὶ
516 4034 610 4099 Φόβον
627 4033 727 4106 ἵππων
745 4035 881 4101 ὀνόματα.
905 4034 953 4088 elci
972 4035 1003 4088 δὲ
1025 4036 1125 4101 Ἂρεο(
1147 4035 1210 4089 uici.
1236 4035 1271 4088 τὸ
1289 4036 1320 4088 δέ
1336 4036 1418 4100 γένοε
1436 4039 1489 4102 τῆ(

327 4118 496 4190 ἀμφιβολία(
518 4119 592 4172 ἔ(τιν
615 4120 708 4186 εὑρεῖν
730 4121 775 4173 καί
799 4120 919 4187 ἀλλαχῇ·
947 4121 1016 4172 «τὸν
1042 4120 1072 4172 δέ
1089 4120 1121 4172 τ’
1145 4118 1249 4188 [potius
1271 4121 1320 4176 δό(
1343 4121 1375 4174 δέ
1391 4121 1424 4174 τέ
1442 4121 1487 4188 μ’]

327 4210 415 4274 ἄνδρα
434 4206 507 4258 ἑλεῖν
530 4205 576 4257 καί
598 4204 627 4257 ἐ(
645 4205 736 4269 ὁρμὴν
755 4204 851 4268 ἔγχεα(
869 4203 979 4257 ἐλθεῖν»
997 4203 1028 4271 (Ε
1043 4205 1101 4271 118)
1120 4206 1165 4258 καί
1184 4205 1215 4258 ἐν
1239 4205 1296 4258 Ὀδ.
1322 4204 1350 4272 (γ
1367 4205 1412 4272 24)
1430 4204 1488 4258 oni-

327 4293 385 4345 δὼ(
407 4292 436 4344 δ’
458 4289 494 4343 αὖ
516 4288 582 4342 νέον
603 4287 691 4353 ἄνδρα
712 4286 876 4354 γεραίτερον
899 4287 1082 4353 ἑξερέε(θαι>>,
1109 4287 1180 4353 όπερ
1207 4287 1396 4354 ἀγνοήεαντέ(
1413 4305 1487 4343 τινε(

326 4376 452 4442 ἔγραψαν
470 4375 526 4442 νέῳ
545 4373 632 4439 ἀνδρί.
649 4371 679 4424 L.
