3340 5164
757 668 803 742 H.

280 839 444 908 Rhianum,
468 857 535 898 curn
558 841 590 898 in
613 839 781 899 libertatem
805 838 970 900 vindicatus
993 847 1086 908 esset,
1117 843 1214 900 omnia
1238 859 1290 900 sua
1313 841 1360 901 lit·

197 949 330 1000 terarum
354 949 383 1000 et
406 941 557 1001 doctrinae
581 941 678 1001 studia
701 959 737 1000 cx
754 941 864 1001 saeculi
888 941 934 1000 sui
949 959 1031 1000 more
1055 942 1090 1002 ad
1106 949 1263 1020 poetarum
1278 944 1361 1021 prin·

196 1045 292 1120 cipern
315 1041 475 1102 Homerum
498 1043 664 1112 rettulisse,
694 1044 824 1122 primum
854 1061 887 1102 ex
918 1045 1014 1122 epicis
1036 1045 1101 1103 eius
1125 1041 1309 1104 carminibus
1332 1052 1362 1102 et

197 1145 420 1222 epigrammatis
448 1143 624 1221 intellegere
652 1145 738 1212 licet,
770 1162 896 1223 quorum
925 1162 1103 1223 quamquam
1130 1163 1282 1224 perpauca
1311 1162 1361 1203 ex·

196 1252 276 1304 stant
297 1245 478 1322 fragmenta,
502 1245 558 1305 hoc
582 1253 680 1306 tamen
703 1247 774 1305 satis
796 1245 985 1304 menifestum
1008 1247 1137 1314 iaciunt,
1162 1265 1229 1306 eum
1253 1246 1361 1305 Home·

197 1348 276 1405 ricae
298 1348 398 1424 poesis
431 1346 531 1407 indole
559 1349 680 1426 penitus
709 1348 808 1406 animo
835 1353 978 1425 percepta
1013 1347 1142 1425 epicae
1177 1347 1363 1452 dictionip

195 1446 461 1506 felicissimum
486 1450 685 1508 exstitisse
715 1449 948 1508 imitatorem
977 1455 1013 1507 et
1040 1450 1231 1509 aemulum.
1277 1448 1360 1517 Nam,

196 1556 229 1607 ut
259 1548 414 1608 audiamus
447 1549 671 1626 intellegentem
700 1555 857 1628 poetarum
886 1552 1107 1609 aestimatorem
1135 1549 1361 1624 llleinelriunr

195 1649 214 1710 l.
243 1648 262 1708 l.
295 1669 325 1727 p.
354 1645 432 1718 200,
467 1651 498 1710 in
533 1649 673 1710 dictionis
711 1650 805 1710 lorma
834 1668 1033 1731 versuumque
1057 1651 1266 1712 struendarum
1299 1658 1361 1711 arte

196 1749 378 1810 ‘simiHimus
417 1751 472 1810 luit
507 1751 660 1830 Apollonio
694 1750 821 1811 Rhodio.
873 1751 1071 1813 Humerorum
1105 1752 1225 1833 quidem
1259 1752 1362 1812 eadem

195 1850 367 1920 mollitudo,
397 1855 492 1910 oratio
522 1860 636 1934 autem,
672 1853 732 1911 sive
762 1851 921 1913 verb'orum
950 1852 1097 1914 delectum
1127 1856 1187 1914 sive
1215 1856 1362 1913 rationem

196 1954 388 2032 syntecticam
411 1961 542 2030 spectas,
574 1954 699 2029 simplex
729 1961 757 2013 et
780 1953 956 2014 Homericae
981 1954 1104 2025 aemula,
1129 1956 1209 2016 nulla
1231 1957 1363 2016 insolen-

197 2057 283 2115 tioris
318 2054 460 2114 dictionis
492 2055 655 2124 allectatio,
694 2055 774 2114 nulla
807 2053 951 2115 obscurae
985 2055 1139 2117 doctrinae
1178 2058 1361 2117 ostentatio’.

196 2155 278 2215 Idem
301 2155 337 2215 de
361 2152 628 2234 epigrammatis¹¹)
651 2156 670 2217 l'.
687 2156 706 2216 l.
731 2176 759 2236 p.
775 2153 852 2216 206:
886 2156 932 2216 ‘ln
954 2158 1107 2237 plerisque
1130 2177 1180 2218 res
1202 2160 1361 2218 amatoriae

196 2256 343 2336 petulenti
366 2258 492 2336 quadam
509 2265 673 2319 tractantur
696 2258 835 2328 lascivia,
859 2257 912 2318 sed
935 2256 971 2318 ad
994 2277 1085 2318 unum
1101 2262 1199 2319 omnia
1215 2259 1364 2319 excellunt

197 2378 265 2418 cunr
292 2360 466 2420 emendatae
495 2360 635 2421 dictionis
664 2361 766 2430 laude,
803 2367 865 2420 tum
899 2362 1079 2420 inventionis
1108 2363 1243 2421 acumine
1272 2368 1360 2440 atque

197 2461 275 2521 baud
298 2478 367 2520 raro
390 2461 487 2522 nativa
510 2462 635 2540 quadarn
660 2469 690 2522 et
712 2461 833 2522 amabili
864 2461 1079 2540 simplicitate'.
1125 2462 1198 2523 Cum
1221 2463 1267 2523 his
1289 2481 1361 2522 con·

197 2566 314 2641 spirant
335 2581 411 2641 quae
434 2563 472 2622 M.
497 2562 739 2640 Sengebuschius
761 2563 846 2624 Hom.
870 2564 942 2624 diss.
966 2562 979 2622 l
1001 2582 1031 2642 p.
1047 2560 1087 2623 47
1111 2564 1148 2623 de
1163 2560 1273 2624 Rhiani
1296 2572 1360 2623 arte

196 2666 313 2744 poetica
348 2664 437 2724 dixit:
472 2664 692 2726 ‘Transtulisse
726 2666 816 2726 multa
851 2685 887 2726 ex
920 2665 1050 2725 Homero
1082 2669 1115 2725 in
1148 2667 1279 2726 carmina
1310 2683 1362 2724 sua

196 2767 346 2826 Rhianum
369 2769 408 2825 ita
433 2772 465 2825 ut
488 2765 710 2845 simplicitatem
738 2769 866 2826 maxime
890 2766 1041 2826 Homerici
1065 2768 1210 2826 sermonis
1233 2767 1362 2826 aemula-

197 2876 296 2936 retur,
319 2868 484 2944 fragmenta
508 2867 623 2930 docent.
660 2868 721 2937 Qua
745 2869 776 2926 in
800 2885 832 2926 re
855 2866 942 2945 longe
965 2869 1091 2928 recessit
1114 2866 1149 2928 ab
1165 2868 1362 2928 ostentatione

198 2970 366 3039 doctrinae,
406 2988 481 3048 quae
515 2971 667 3048 reperitur
701 2969 777 3048 apud
811 2968 998 3048 Apollonium
1032 2968 1178 3030 Rhodium
1212 2978 1241 3029 et
1275 2969 1362 3030 Calli·

198 3072 359 3132 machum'.
1333 3139 1335 3142 ¹

185 3165 189 3174 ’
283 3173 363 3234 Haec
385 3173 505 3252 quidem
534 3174 703 3234 confirmari
727 3171 900 3242 videbimus,
925 3172 975 3233 ubi
1004 3173 1034 3232 in
1057 3174 1172 3250 singula
1197 3175 1364 3234 accuratius

199 3276 453 3355 inquisiverimus,
484 3293 661 3354 quamquam
692 3293 795 3354 parum
823 3282 962 3354 superest
994 3276 1244 3352 fragmentorum,
1275 3294 1362 3355 quam

199 3365 369 3454 ut'largum
394 3377 640 3436 documentorum
664 3378 778 3455 copiam
801 3377 940 3454 prolerre
963 3377 1060 3437 liceat.

283 3479 415 3539 Primum
439 3481 547 3556 igitur,
577 3486 610 3539 ut
632 3477 668 3539 ab
698 3497 732 3538 eo
755 3478 854 3538 studio
876 3478 1034 3538 Homerico
1063 3480 1255 3556 incipiamus,
1284 3479 1362 3557 qnod

199 3583 335 3641 cernitur
357 3582 388 3640 in
416 3579 559 3641 fabulis
587 3581 622 3641 ad
651 3579 877 3640 similitudinem
907 3579 1131 3640 Homericarum
1160 3580 1362 3646 conformatis,

199 3687 290 3744 missa
312 3683 448 3743 iacienda
472 3690 540 3742 sunt
563 3681 801 3748 Thessalica,
825 3681 969 3750 Eliaca,
993 3680 1167 3750 Achaica,
1197 3697 1361 3760 quaecum

198 3787 230 3844 in
253 3793 429 3863 argumento
452 3783 686 3862 etHnographico
709 3789 915 3851 versarentur,
939 3784 987 3842 vix
1010 3781 1098 3842 aliam
1121 3781 1273 3842 habebant
1295 3799 1362 3841 cum

199 3887 320 3947 Homeri
344 3884 526 3946 carminibus
549 3886 736 3953 affinitatem,
766 3904 854 3964 quam
877 3885 954 3964 quod
978 3901 1114 3943 sermone
1138 3885 1222 3961 epico
1246 3891 1274 3944 et
1297 3901 1362 3941 ver-

268 4108 310 4172 11)
328 4101 517 4171 Meleager,
536 4100 584 4170 qui
600 4100 702 4156 Rhieni
721 4100 971 4171 epigrammatum
990 4101 1137 4168 (τέφανον
1149 4116 1230 4153 suum
1247 4097 1363 4166 recepit,

201 4191 232 4243 ub
249 4199 376 4244 ‘suavem
392 4187 588 4257 placidumque
606 4203 735 4241 versuum
753 4203 860 4240 cursum
879 4185 908 4239 ei
919 4184 1101 4240 aromaticam
1119 4184 1199 4254 quasi
1211 4181 1363 4237 carminum

200 4275 340 4329 nauuam’
361 4276 395 4342 (v.
409 4271 532 4327 Sacellum
543 4290 571 4341 p.
586 4273 628 4340 15)
650 4269 833 4338 significaret,
854 4270 889 4325 de
908 4286 940 4323 eo
959 4269 1041 4323 dixit:
1060 4276 1095 4337 τῇ
1115 4271 1145 4322 δ’
1163 4270 1219 4336 ἅμα
1236 4269 1281 4322 καὶ
1299 4269 1364 4335 (άμ-

200 4377 293 4430 ψυχον
311 4360 366 4428 ἀφ’
383 4359 537 4428 ἡδυπνόοιο
556 4359 673 4412 Ῥιανοῦ.
