3340 5164
688 379 839 474 —arffl

179 567 238 631 τὸν
261 567 372 647 μάντιν
395 564 497 631 εἰπεῖν
521 558 740 646 κφραῑώμετθ’
764 565 808 631 ὥς
830 585 884 631 κεν
906 565 1165 649 καταπαύτομεν,
1188 566 1220 632 οἱ
1243 569 1346 633 δὲκαὶ

179 667 274 734 αὐτοὶ
295 669 481 733 noceretur»
507 667 543 746 (ν.
569 666 639 750 168)
669 667 719 733 καὶ
741 666 779 731 τὸ
803 666 914 746 «ἡμέας
937 664 1084 747 ὀτρύνων
1106 670 1343 748 καταπαυέμεν»

181 770 218 850 (v.
241 767 324 850 244).
349 770 478 842 HMQS.
511 769 591 841 Quae
614 771 782 832 emendatio
805 789 858 832 cur
879 774 960 832 omni
983 770 1068 833 laude
1092 772 1181 850 digua
1204 776 1252 844 sit,
1276 793 1342 835 cum

178 892 214 934 cx
238 874 334 934 causis
356 875 388 934 in
411 874 526 934 scholio
548 875 614 952 ipso
636 893 651 934 a
675 873 801 953 Didymo
823 873 921 935 allatis
943 875 1098 935 evidenter
1120 882 1233 954 pateat,
1257 878 1343 937 mitto

178 977 364 1052 argumentis
398 975 617 1042 demonstrare;
653 977 725 1035 satis
759 983 805 1035 est
838 975 986 1036 addidisse
1016 993 1081 1036 eam
1115 994 1175 1036 non
1208 976 1342 1037 soluma

177 1075 329 1137 Nitzschio
359 1076 432 1136 erkl.
460 1079 545 1137 dnm.
569 1095 622 1137 zur
644 1076 698 1137 Od.
722 1075 735 1136 l
762 1093 792 1154 p.
818 1073 879 1136 100
906 1077 1114 1156 approbatam,
1143 1077 1195 1138 sed
1222 1085 1343 1156 praeter

180 1177 347 1266 Bellienum
371 1179 562 1238 nuncetiam
592 1197 607 1239 a
631 1178 750 1248 Faesio,
779 1179 924 1247 Ameisio,
954 1178 1137 1250 lluentzero,
1166 1179 1206 1253 La
1229 1180 1341 1240 Rachia

177 1287 330 1355 receptam
353 1297 429 1340 esse.

263 1377 374 1458 pell.
419 1379 615 1442 Telemachus
648 1381 787 1450 Antinoo,
817 1382 868 1459 qui
904 1399 971 1441 eum
1007 1381 1179 1443 adhortatus
1214 1390 1272 1453 est,
1309 1379 1391 1445 utto

177 1483 278 1542 missis
300 1482 380 1543 curis
402 1482 541 1545 omnihus
563 1501 629 1542 cum
653 1485 753 1560 procis
775 1481 844 1543 edat
866 1488 896 1542 et
917 1481 1015 1553 bibat,
1038 1484 1214 1560 respondet:

303 1581 452 1658 Ἀντίνο’,
476 1580 515 1646 οὔ
537 1601 607 1646 nure
630 1581 711 1647 έττιν
734 1579 957 1662 ὑπερφιάλοιο
980 1583 1052 1661 μεθ’
1075 1581 1146 1661 ὑμῖν

304 1681 466 1748 δαίνυτθαί
487 1685 521 1747 τ’
542 1682 680 1748 ἀκέοντα
701 1683 753 1747 καὶ
774 1681 999 1763 εὐφραίνετθαι
1021 1682 1146 1761 ἕκηλον.

177 1786 233 1846 Ηίο
253 1785 427 1856 lectionem,
452 1804 540 1866 quam
562 1787 650 1848 hodic
667 1805 771 1846 omnes
785 1787 849 1846 lere
866 1785 1009 1846 exhibant
1024 1786 1186 1857 editiones,
1204 1783 1341 1851 ἀκέοντα

177 1907 192 1948 a
215 1888 331 1949 Rhiano
354 1891 451 1967 primo
475 1890 656 1967 propositam
686 1905 752 1949 esse
775 1905 854 1948 nnnc
877 1887 1060 1948 demonstrat
1090 1887 1223 1949 scholion
1246 1908 1262 1949 a
1284 1890 1340 1951 Co·

176 1987 246 2049 heto
269 1990 474 2059 emendatum,
504 1989 582 2068 quod
611 1998 696 2050 antea
725 1991 769 2050 sic
792 1997 963 2067 corruptum
987 1997 1065 2059 erat,
1094 1997 1128 2050 ut
1153 1990 1241 2070 plane
1269 2009 1339 2051 con·

177 2093 303 2152 tranium
332 2091 453 2152 doceret
482 2091 671 2170 futtilemque
694 2091 854 2152 lectionem
877 2087 1015 2153 ἀέκοντα
1037 2091 1153 2153 Rhiano
1179 2091 1339 2152 tribueret.

175 2190 269 2262 Quam
292 2193 412 2273 qnidam
435 2210 499 2252 rem
523 2195 661 2254 omittere
684 2194 864 2271 potuissem,
895 2193 952 2253 nisi
975 2192 1016 2254 La
1038 2193 1168 2253 Rochins
1191 2194 1222 2252 in
1245 2192 1338 2272 Odys-

155 2279 243 2354 seae
267 2294 399 2354 editione
422 2293 660 2354 emendationem
682 2292 844 2353 Rhianeam
867 2295 897 2352 in
914 2295 1145 2356 controversiam
1169 2293 1339 2356 adduxisset

175 2403 205 2454 et
229 2393 264 2454 de
288 2413 322 2456 ea
345 2398 417 2456 satis
440 2402 576 2457 constare
600 2401 737 2474 negasset
747 2377 762 2464 ;Ι
777 2412 869 2474 quare
891 2411 1013 2455 necesse
1037 2395 1162 2456 est'huc
1192 2396 1337 2457 ascribam

175 2496 308 2557 scholion
342 2515 408 2557 cum
436 2497 581 2558 Dindorsri
615 2497 820 2558 adnotatione:
859 2492 1065 2560 «ἀκέοντα
1102 2495 1188 2560 οὕτω
1221 2494 1339 2576 γράφει

79 2623 82 2632 ’
170 2589 312 2662 Ῥιανότ·
334 2597 491 2677 γράφεται
514 2597 616 2661 δὲκαὶ
637 2594 818 2661 ἀέκοντα.
835 2633 876 2642 -
890 2596 1056 2662 Ἀκέονταε
1080 2598 1173 2659 Sichl
1193 2601 1224 2659 in
1246 2606 1337 2660 textu.

174 2699 218 2760 Ex
241 2719 300 2779 quo
323 2702 473 2780 sequitur,
502 2699 580 2780 quod
608 2701 639 2760 in
662 2700 774 2760 scholio
803 2702 946 2779 scriptum
975 2706 1020 2760 est
1046 2697 1204 2777 γράφεται
1230 2699 1339 2763 δὲκαὶ

174 2797 312 2866 ἀκέοντα
335 2803 507 2863 mutandum
529 2820 594 2864 esse
617 2803 648 2862 in
671 2798 839 2879 γράφεται’
852 2801 887 2864 δὲ
909 2798 958 2863 καὶ
981 2798 1132 2873 ἀέκοντα,
1155 2809 1189 2862 ut
1203 2819 1258 2880 ego
1279 2802 1338 2863 leci

175 2920 242 2962 cum
271 2902 392 2965 Cobeto.
437 2903 547 2963 Eadem
584 2905 613 2963 in
642 2902 669 2962 H
697 2904 848 2964 annotatio
876 2921 941 2963 esse
971 2903 1102 2973 videtur,
1136 2904 1172 2963 de
1204 2921 1263 2983 quo
1294 2904 1337 2964 sic

174 3005 269 3064 refert
295 3005 461 3065 Porsonus:
498 3002 654 3068 ’ἀκέοντα
676 3001 787 3081 ῥιανὸτ
809 3003 926 3084 γράφει
949 3002 1101 3080 ἀέκοντα,
1124 3005 1176 3064 sed
1199 3002 1337 3067 ἀκέοντα

174 3107 284 3166 citatur
313 3109 403 3167 etiam
426 3109 458 3166 in
481 3107 602 3167 scholiis
625 3103 748 3186 (320).'»
792 3107 874 3166 ldem
907 3113 1090 3166 censuerunt
1118 3105 1273 3166 Bellienus
1306 3112 1336 3165 et

174 3206 268 3267 Maur.
292 3207 490 3277 Schmidtius,
519 3210 570 3287 qui
592 3208 710 3287 Didymi
738 3227 768 3288 p.
794 3204 855 3268 189
882 3206 1017 3268 scholion
1041 3227 1077 3268 ex
1099 3207 1125 3267 H
1148 3207 1336 3287 desumptum

175 3308 275 3368 verhis
297 3317 442 3370 commate
471 3308 619 3369 distinctis
647 3309 704 3369 hoc
728 3309 814 3371 modo
837 3311 980 3389 scripsitz.
1011 3307 1181 3373 ἀκέοντα
1208 3307 1336 3373 Ῥιανὸτ

119 3431 125 3442 ·
172 3406 305 3488 γράφει,
339 3408 519 3474 ἀέκοντα.
563 3409 624 3470 lam
658 3411 714 3471 hoc
747 3411 866 3490 quidem
896 3412 992 3490 primo
1021 3418 1141 3490 aspectu
1164 3411 1275 3480 elucet,
1310 3413 1334 3470 si

173 3518 294 3590 praeter
317 3512 342 3573 ll
365 3511 566 3573 testimonium
590 3512 703 3573 nullum
719 3518 865 3588 exstaret,
887 3511 1021 3572 scholion
1037 3514 1081 3572 sic
1102 3511 1334 3589 intellegendum

173 3631 253 3684 esse,
276 3615 320 3673 'ut
348 3622 416 3674 ante
445 3612 587 3675 Cobetum
617 3633 631 3673 a
662 3613 841 3674 Buttmanno
867 3613 1049 3673 intellectum
1081 3619 1141 3683 est;
1174 3630 1264 3692 porro
1293 3612 1335 3674 La

173 3713 287 3775 Rechio
310 3715 533 3777 concedendum
556 3722 616 3785 est,
647 3716 786 3794 quoniam
808 3717 840 3775 in
863 3714 891 3774 M
914 3710 1051 3776 ἀκέοντα
1073 3714 1148 3774 falso
1169 3712 1218 3775 his
1240 3716 1334 3794 scrip·

173 3824 236 3877 tum
270 3818 308 3876 sit
341 3824 371 3877 et
402 3819 434 3878 in
467 3817 610 3878 alterutro
644 3836 660 3876 a
689 3816 813 3878 librario
848 3833 971 3876 necesse
1006 3817 1045 3876 sit
1072 3823 1227 3895 peccatum
1258 3835 1333 3886 esse,

173 3937 259 3998 posse
283 3920 373 3979 etiam
394 3919 522 3980 iudicari
551 3920 636 3997 prius
659 3915 797 3981 ἀκέοντα
824 3919 959 3979 vitiatum
987 3935 1068 3988 esse,
1098 3919 1223 3978 alterum
1252 3925 1334 3978 recte

173 4038 205 4081 se
227 4019 349 4082 hahere.
394 4023 431 4081 At
454 4022 496 4080 sic
518 4020 595 4080 hanc
622 4037 686 4080 rem
709 4019 875 4080 diiudicare
898 4027 1046 4088 vetamur,
1076 4038 1144 4080 cum
1165 4038 1225 4080 non
1248 4019 1334 4079 modo

172 4121 201 4200 lt
227 4124 259 4182 in
287 4127 369 4183 textu
397 4121 504 4183 haheat
531 4119 683 4193 ἀκέοντα,
717 4122 769 4182 scd
803 4123 890 4182 etiam
915 4154 953 4163 —
984 4122 1009 4180 si
1039 4127 1122 4182 recte
1152 4122 1334 4199 interpretor

173 4223 316 4285 lectiones
337 4223 433 4285 varias
456 4221 565 4284 abillo
587 4230 782 4285 enotatas-
805 4221 891 4292 HLQ
919 4224 950 4282 in
978 4228 1061 4282 textu
1088 4219 1226 4284 ἀέκοντα
1247 4239 1333 4299 prae·

172 4324 276 4387 beant:
311 4321 381 4386 inde
408 4326 487 4386 enim
510 4327 717 4403 consequitur,
746 4331 779 4385 ut
805 4324 911 4385 scholii
941 4324 969 4386 ll
997 4323 1102 4385 lemma
1131 4325 1171 4383 sit
1197 4320 1335 4387 ἀκέοντα
