3340 5164
860 334 897 396 to

293 525 483 602 peregrinam
508 530 616 584 terram
641 525 785 586 abductus
812 529 993 606 mancipium
1018 527 1151 586 veniret?
1188 525 1280 586 lmmo
1309 546 1378 588 vero
1402 529 1457 589 boc

293 627 334 685 ita
357 625 449 685 luisse
474 634 553 686 certa
578 628 804 704 argumentandi
833 630 944 688 ratione
974 646 1067 708 paene
1101 628 1136 687 ad
1159 628 1304 708 liquidum
1332 630 1457 709 perduci

293 734 398 805 potest.
438 727 521 788 Servi
546 731 626 790 enim
649 729 835 790 Cretensium
864 738 914 790 aut
941 727 1138 806 xpectbvqrot
1167 731 1187 789 i.
1212 749 1239 788 e.
1268 731 1386 791 venales
1408 739 1458 791 aut

295 825 476 906 ἀφαμιῶται
500 831 559 889 sive
583 829 743 906 κλαρῶται
771 839 821 892 aut
844 832 975 909 μνωῑται
999 837 1093 892 erant.
1138 831 1200 891 lam
1222 850 1292 891 vero
1315 850 1381 892 eum
1405 851 1456 892 ve·

293 929 397 990 nales
420 930 456 991 ab
480 931 652 993 bominibus
673 935 800 1011 privatis
821 935 947 1012 pecunia
964 935 1055 1012 empti
1078 942 1107 993 et
1128 932 1205 992 baud
1223 932 1313 993 dubie
1330 951 1456 1012 peregre

293 1030 408 1092 advecti
441 1034 472 1092 in
505 1031 632 1093 urbibus
664 1033 824 1095 domestica
858 1035 954 1096 officia
994 1042 1022 1094 ct
1054 1052 1177 1094 munera
1212 1044 1457 1113 exsequerentur,

294 1152 308 1191 a
316 1133 528 1212 pbamiotae
551 1142 665 1204 autem,
690 1136 740 1214 qui
763 1143 792 1195 et
814 1138 872 1214 ipsi
895 1139 926 1196 in
942 1138 1126 1215 privatorum
1143 1135 1296 1196 bominum
1313 1142 1457 1215 potestate

294 1243 391 1309 erant,
422 1238 566 1296 rusticam
589 1238 678 1297 vitam
702 1237 846 1314 degerent
874 1246 903 1297 et
925 1239 1050 1316 privatis
1079 1237 1157 1313 agris
1183 1237 1316 1298 colendis
1338 1257 1458 1318 operam

294 1335 413 1405 darent,
449 1337 485 1397 ab
520 1337 567 1396 bis
601 1337 716 1397 duobus
751 1356 904 1399 servorum
941 1337 1104 1416 generibus
1132 1335 1296 1417 palaestrae
1325 1341 1459 1402 custodia

294 1437 476 1499 alienissima
493 1446 571 1508 erat,
595 1446 627 1499 ut
649 1441 687 1499 iis
702 1439 837 1500 Rhianus
852 1443 999 1520 ascriptus
1016 1459 1082 1501 esse
1105 1458 1162 1499 non
1186 1442 1325 1519 potuerit.
1350 1441 1458 1504 Contra

293 1539 473 1620 μνωῑται,
497 1544 596 1602 servi
620 1541 782 1620 publici,
807 1559 984 1621 quamquam
1002 1544 1129 1601 maxima
1145 1559 1180 1601 ex
1196 1550 1281 1620 parte
1297 1545 1361 1603 ruri
1378 1547 1459 1605 eirca

293 1640 385 1702 urbes
407 1641 580 1704 babitabant
607 1651 636 1704 et
663 1642 792 1722 publicis
821 1647 900 1722 agris
929 1643 1062 1704 colendis
1091 1645 1199 1704 intenti
1228 1645 1386 1722 pensiones
1415 1649 1458 1706 rei

293 1742 429 1822 publicae
462 1745 669 1824 persolvebant
703 1744 768 1821 (cir.
803 1746 1026 1806 Seboemannus
1057 1745 1076 1804 l.
1101 1746 1118 1804 l.
1148 1764 1177 1824 p.
1203 1741 1289 1825 152),
1324 1747 1459 1807 videntur

292 1850 405 1915 tamen,
441 1853 473 1906 ut
495 1847 645 1908 Hoeekius
668 1848 771 1909 Cretae
794 1848 834 1909 lll
857 1868 886 1928 p.
910 1845 951 1909 33
981 1849 1123 1916 coniecit,
1154 1849 1243 1908 etiam
1272 1849 1302 1907 in
1334 1847 1460 1910 urbibus

293 1947 443 2007 interdum
466 1949 624 2009 humiliora
654 1949 797 2030 quaedam
826 1958 855 2009 et
884 1951 1002 2011 sordida
1035 1951 1201 2010 ministeria
1230 1951 1355 2018 fecisse,
1383 1969 1458 2030 quae

293 2047 328 2108 ad
352 2066 538 2110 communem
568 2053 611 2110 rei
642 2049 779 2130 publicae
808 2068 893 2111 usum
922 2052 1090 2111 necessaria
1114 2057 1222 2110 esseut..
1267 2051 1369 2132 ltaque
1391 2070 1459 2113 cum

293 2168 416 2229 prorsus
438 2150 616 2212 incredibile
632 2171 690 2213 uon
715 2155 767 2222 sit,
792 2154 913 2212 mnoitis
930 2150 1066 2212 traditam
1089 2152 1181 2212 luisse
1198 2153 1363 2214 custodiam
1379 2153 1458 2214 illius

293 2253 435 2322 aedilicii,
461 2255 491 2312 in
514 2272 573 2332 quo
595 2256 717 2314 iuvenes
740 2251 858 2333 publice
883 2253 1022 2314 luctando
1046 2254 1181 2314 exerceri
1205 2254 1343 2324 solerent,
1368 2254 1457 2314 Rhia-

293 2372 363 2414 num
387 2355 417 2414 in
441 2353 528 2416 Creta
551 2357 707 2415 servivisse
736 2354 909 2434 putantibus
939 2353 1013 2414 nibil
1043 2355 1121 2414 aliud
1151 2353 1238 2415 nobis
1266 2355 1457 2436 relinquitur,

293 2473 381 2535 quam
404 2463 436 2516 ut
459 2475 494 2516 ex
510 2459 688 2517 mnoitarum
705 2475 814 2534 genere
839 2475 905 2516 eum
921 2458 1012 2516 luisse
1029 2456 1222 2516 arbitremur.
1254 2457 1307 2517 Cui
1323 2460 1458 2536 opinioni

293 2555 324 2616 id
348 2560 473 2618 maxime
497 2556 609 2628 obstat,
633 2559 710 2638 quod
734 2561 857 2636 cogitari
874 2561 992 2637 nequit,
1017 2560 1067 2637 qui
1091 2558 1155 2618 fieri
1178 2561 1325 2636 potuerit,
1349 2566 1381 2619 ut
1404 2578 1457 2619 ua-

293 2675 382 2737 quam
415 2659 465 2718 ille
499 2677 532 2718 ex
563 2658 618 2718 bae
646 2661 747 2720 servili
778 2660 954 2720 condiclone
988 2661 1018 2718 in
1048 2657 1217 2719 libertatem
1247 2660 1456 2722 vindicaretur.

293 2761 354 2820 Hoc
378 2763 457 2821 enim
481 2761 588 2821 Suidas
610 2761 724 2840 liquido
746 2767 885 2831 testatur,
916 2780 983 2821 cum
1013 2761 1100 2821 dicit:
1139 2758 1306 2837 ὕετερον
1329 2762 1364 2824 δὲ
1387 2781 1457 2824 παι-

293 2863 414 2926 δευθεὶ(
445 2861 573 2938 ἐγένετο
595 2861 807 2941 γραμματικός
836 2867 856 2924 i.
886 2883 911 2922 e.
936 2863 1084 2923 Rhianum
1115 2872 1306 2942 postquam
1337 2865 1457 2923 servitio

293 2966 450 3026 defunctus
473 2973 566 3034 esset,
595 2965 704 3027 litteris
726 2984 757 3026 se
781 2965 898 3026 dedisse
928 2971 958 3024 et
981 2972 1073 3024 artem
1096 2966 1320 3042 grammaticam
1342 2967 1456 3045 proles-

294 3085 359 3128 sum
382 3086 456 3128 esse.
501 3066 598 3138 Quare
623 3067 698 3128 nibil
722 3067 794 3128 mibi
817 3066 1004 3147 probabilius
1027 3067 1157 3134 videtur,
1181 3085 1269 3145 quam
1292 3068 1375 3128 illum
1398 3087 1456 3128 non

293 3171 324 3228 in
347 3169 448 3238 Creta,
474 3169 526 3230 sed
548 3170 605 3230 alia
628 3172 658 3229 in
684 3177 761 3230 terra
786 3188 904 3230 servum
926 3169 1028 3230 luisse.

377 3271 456 3331 Haec
489 3272 610 3351 quidem
644 3279 712 3333 sunt
745 3274 858 3340 omnia,
892 3289 968 3352 quae
997 3291 1012 3331 a
1042 3270 1240 3350 scriptoribus
1268 3273 1398 3350 antiquis
1420 3272 1456 3331 dc

292 3373 400 3433 Rbiaui
423 3375 482 3435 vita
510 3380 740 3434 commemorata
769 3376 950 3443 invenimus;
988 3373 1063 3433 ultra
1092 3390 1167 3452 quae
1195 3391 1249 3433 nos
1276 3375 1352 3432 certi
1382 3371 1457 3432 nibil

293 3477 370 3536 scire
394 3481 497 3554 aperte
520 3474 719 3536 confitendum
742 3483 796 3536 est.
836 3474 1034 3554 Quaecunque
1058 3474 1111 3534 alia
1137 3472 1243 3534 dehac
1266 3491 1298 3532 re
1322 3480 1455 3534 statuun-

293 3583 356 3644 tur,
379 3576 521 3637 bistoriae
545 3577 602 3638 tide
626 3576 820 3656 comprobata
843 3595 901 3637 non
917 3582 1000 3646 sunt,
1025 3575 1074 3636 sed
1091 3575 1280 3654 quantumvis
1295 3576 1455 3645 arrideant,

293 3685 389 3738 tamen
415 3697 480 3739 eum
505 3679 663 3740 divinando
685 3681 802 3740 inventa
825 3681 898 3748 sint,
922 3696 977 3757 pro
998 3678 1159 3757 exploratis
1174 3676 1277 3737 baberi
1294 3684 1455 3756 nequeunt.

293 3779 378 3839 Cadit
401 3779 456 3840 boc
479 3783 509 3840 in
533 3781 673 3841 nonnulla
697 3799 816 3848 eorum,
839 3798 914 3858 quae
939 3781 1152 3839 Meinelrius
1175 3778 1257 3839 Anal.
1281 3779 1324 3839 dl.
1348 3798 1377 3857 p.
1396 3775 1456 3839 174

293 3882 329 3940 de
353 3883 410 3941 vita
435 3879 516 3941 illius
539 3882 709 3960 disputavit.

378 3982 429 4041 Vir
451 3984 531 4041 anim
555 3983 814 4059 ingeniosissimus
842 4003 876 4042 ex
906 3982 1013 4042 Suidae
1043 3982 1142 4042 verbis
1170 3981 1347 4058 (ύγχρονοε
1370 3979 1455 4057 Ἐρα-

263 4083 464 4176 .τοεθένου<
487 4087 687 4144 coniecturam
710 4087 805 4164 cepit,
835 4084 980 4144 Rhianum
1005 4101 1070 4143 cum
1099 4083 1208 4143 illustri
1231 4084 1287 4144 boe
1310 4101 1455 4161 gramma·

292 4188 352 4246 tice
375 4185 598 4248 consuetudinis
620 4188 827 4265 amicitiaeque
852 4186 967 4246 vinculo
990 4187 1082 4246 luisse
1105 4187 1314 4246 consociatum.
1338 4173 1455 4245 Etenim

294 4290 340 4346 vix
375 4287 465 4347 licere
500 4291 540 4348 ait
569 4287 692 4348 credere
721 4287 841 4349 Suidam
871 4291 912 4348 ita
946 4287 1025 4348 illius
1061 4294 1185 4348 aetatem
1220 4288 1454 4364 significaturum
