<?xml version="1.0" encoding="UTF-8"?>
<!DOCTYPE html PUBLIC "-//W3C//DTD XHTML 1.0 Transitional//EN"
    "http://www.w3.org/TR/xhtml1/DTD/xhtml1-transitional.dtd">
<html xmlns="http://www.w3.org/1999/xhtml" xml:lang="en" lang="en">
 <head>
  <title>
</title>
<meta http-equiv="Content-Type" content="text/html;charset=utf-8" />
  <meta name='ocr-system' content='tesseract 3.04.00' />
  <meta name='ocr-capabilities' content='ocr_page ocr_carea ocr_par ocr_line ocrx_word'/>
</head>
<body>
  <div class='ocr_page' id='page_1' title='image "./derhianicretens00mayhgoog_0097.png"; bbox 0 0 3340 5164; ppageno 0'>
   <div class='ocr_carea' id='block_1_1' title="bbox 797 369 946 466">
    <p class='ocr_par' dir='ltr' id='par_1_1' title="bbox 797 369 946 466">
     <span class='ocr_line' id='line_1_1' title="bbox 797 369 946 466; baseline 0 -36"><span class='ocrx_word' id='word_1_1' title='bbox 797 369 946 466; x_wconf 44' lang='lat' dir='ltr'>Q</span> 
     </span>
    </p>
   </div>
   <div class='ocr_carea' id='block_1_2' title="bbox 292 557 1481 3482">
    <p class='ocr_par' dir='ltr' id='par_1_2' title="bbox 292 557 1481 3482">
     <span class='ocr_line' id='line_1_2' title="bbox 377 557 1455 637; baseline 0.005 -20"><span class='ocrx_word' id='word_1_2' title='bbox 377 559 419 618; x_wconf 80' lang='lat' dir='ltr'>Ex</span> <span class='ocrx_word' id='word_1_3' title='bbox 442 557 489 618; x_wconf 94' lang='lat' dir='ltr'>his</span> <span class='ocrx_word' id='word_1_4' title='bbox 512 567 634 637; x_wconf 91' lang='lat' dir='ltr'>apparet</span> <span class='ocrx_word' id='word_1_5' title='bbox 657 559 805 620; x_wconf 81' lang='lat' dir='ltr'>Rhianum</span> <span class='ocrx_word' id='word_1_6' title='bbox 823 559 904 621; x_wconf 90' lang='lat' dir='ltr'>illius</span> <span class='ocrx_word' id='word_1_7' title='bbox 919 566 1102 620; x_wconf 87' lang='lat' dir='ltr'>sectatorum</span> <span class='ocrx_word' id='word_1_8' title='bbox 1125 562 1155 618; x_wconf 89' lang='lat' dir='ltr'>in</span> <span class='ocrx_word' id='word_1_9' title='bbox 1171 578 1329 620; x_wconf 90' lang='lat' dir='ltr'>numerum</span> <span class='ocrx_word' id='word_1_10' title='bbox 1344 560 1455 624; x_wconf 76' lang='lat' dir='ltr'>ascribi</span> 
     </span>
     <span class='ocr_line' id='line_1_3' title="bbox 292 662 1455 739; baseline 0.003 -20"><span class='ocrx_word' id='word_1_11' title='bbox 292 678 351 719; x_wconf 94' lang='lat' dir='ltr'>nou</span> <span class='ocrx_word' id='word_1_12' title='bbox 374 678 476 736; x_wconf 88' lang='lat' dir='ltr'>posse;</span> <span class='ocrx_word' id='word_1_13' title='bbox 499 679 595 739; x_wconf 89' lang='lat' dir='ltr'>neque</span> <span class='ocrx_word' id='word_1_14' title='bbox 618 662 739 720; x_wconf 93' lang='lat' dir='ltr'>omuino</span> <span class='ocrx_word' id='word_1_15' title='bbox 761 663 950 738; x_wconf 82' lang='lat' dir='ltr'>grammatici</span> <span class='ocrx_word' id='word_1_16' title='bbox 977 680 1101 722; x_wconf 88' lang='lat' dir='ltr'>munere</span> <span class='ocrx_word' id='word_1_17' title='bbox 1125 663 1166 722; x_wconf 92' lang='lat' dir='ltr'>ita</span> <span class='ocrx_word' id='word_1_18' title='bbox 1189 662 1310 722; x_wconf 88' lang='lat' dir='ltr'>iunctus</span> <span class='ocrx_word' id='word_1_19' title='bbox 1332 670 1391 732; x_wconf 89' lang='lat' dir='ltr'>est,</span> <span class='ocrx_word' id='word_1_20' title='bbox 1422 672 1455 722; x_wconf 92' lang='lat' dir='ltr'>ut</span> 
     </span>
     <span class='ocr_line' id='line_1_4' title="bbox 293 760 1455 840; baseline 0.003 -20"><span class='ocrx_word' id='word_1_21' title='bbox 293 763 386 822; x_wconf 89' lang='lat' dir='ltr'>ceteri</span> <span class='ocrx_word' id='word_1_22' title='bbox 408 760 616 840; x_wconf 81' lang='lat' dir='ltr'>Alexandrini,</span> <span class='ocrx_word' id='word_1_23' title='bbox 646 763 698 840; x_wconf 89' lang='lat' dir='ltr'>qui</span> <span class='ocrx_word' id='word_1_24' title='bbox 725 762 870 838; x_wconf 87' lang='lat' dir='ltr'>glossaria</span> <span class='ocrx_word' id='word_1_25' title='bbox 893 763 1053 824; x_wconf 88' lang='lat' dir='ltr'>Homerica</span> <span class='ocrx_word' id='word_1_26' title='bbox 1075 771 1324 840; x_wconf 88' lang='lat' dir='ltr'>composuerunt,</span> <span class='ocrx_word' id='word_1_27' title='bbox 1352 763 1455 826; x_wconf 88' lang='lat' dir='ltr'>Iliadis</span> 
     </span>
     <span class='ocr_line' id='line_1_5' title="bbox 293 861 1455 942; baseline 0.006 -22"><span class='ocrx_word' id='word_1_28' title='bbox 293 867 323 920; x_wconf 88' lang='lat' dir='ltr'>et</span> <span class='ocrx_word' id='word_1_29' title='bbox 344 861 493 942; x_wconf 76' lang='lat' dir='ltr'>Odysseae</span> <span class='ocrx_word' id='word_1_30' title='bbox 524 863 642 924; x_wconf 90' lang='lat' dir='ltr'>dierum</span> <span class='ocrx_word' id='word_1_31' title='bbox 664 867 918 942; x_wconf 87' lang='lat' dir='ltr'>computationem</span> <span class='ocrx_word' id='word_1_32' title='bbox 946 866 1159 933; x_wconf 88' lang='lat' dir='ltr'>instituerunt,</span> <span class='ocrx_word' id='word_1_33' title='bbox 1189 863 1226 923; x_wconf 89' lang='lat' dir='ltr'>de</span> <span class='ocrx_word' id='word_1_34' title='bbox 1248 864 1373 925; x_wconf 87' lang='lat' dir='ltr'>Homeri</span> <span class='ocrx_word' id='word_1_35' title='bbox 1395 868 1455 928; x_wconf 91' lang='lat' dir='ltr'>vita</span> 
     </span>
     <span class='ocr_line' id='line_1_6' title="bbox 293 963 1454 1045; baseline 0.006 -24"><span class='ocrx_word' id='word_1_36' title='bbox 293 971 323 1021; x_wconf 92' lang='lat' dir='ltr'>et</span> <span class='ocrx_word' id='word_1_37' title='bbox 343 965 456 1040; x_wconf 91' lang='lat' dir='ltr'>patria,</span> <span class='ocrx_word' id='word_1_38' title='bbox 481 963 517 1024; x_wconf 89' lang='lat' dir='ltr'>de</span> <span class='ocrx_word' id='word_1_39' title='bbox 539 965 721 1044; x_wconf 77' lang='lat' dir='ltr'>geographia</span> <span class='ocrx_word' id='word_1_40' title='bbox 743 967 809 1026; x_wconf 90' lang='lat' dir='ltr'>eius</span> <span class='ocrx_word' id='word_1_41' title='bbox 836 974 866 1026; x_wconf 92' lang='lat' dir='ltr'>et</span> <span class='ocrx_word' id='word_1_42' title='bbox 888 965 1047 1044; x_wconf 90' lang='lat' dir='ltr'>multiplici</span> <span class='ocrx_word' id='word_1_43' title='bbox 1069 967 1195 1025; x_wconf 90' lang='lat' dir='ltr'>scientia</span> <span class='ocrx_word' id='word_1_44' title='bbox 1217 965 1454 1045; x_wconf 88' lang='lat' dir='ltr'>disputaverunt,</span> 
     </span>
     <span class='ocr_line' id='line_1_7' title="bbox 293 1062 1456 1146; baseline 0.006 -23"><span class='ocrx_word' id='word_1_45' title='bbox 293 1062 329 1123; x_wconf 90' lang='lat' dir='ltr'>de</span> <span class='ocrx_word' id='word_1_46' title='bbox 357 1072 441 1125; x_wconf 88' lang='lat' dir='ltr'>recta</span> <span class='ocrx_word' id='word_1_47' title='bbox 469 1069 636 1127; x_wconf 85' lang='lat' dir='ltr'>carminum</span> <span class='ocrx_word' id='word_1_48' title='bbox 670 1069 917 1146; x_wconf 76' lang='lat' dir='ltr'>interpretatione</span> <span class='ocrx_word' id='word_1_49' title='bbox 945 1065 1157 1143; x_wconf 86' lang='grc' dir='ltr'>ὑπομνήματα</span> <span class='ocrx_word' id='word_1_50' title='bbox 1179 1075 1209 1126; x_wconf 91' lang='lat' dir='ltr'>et</span> <span class='ocrx_word' id='word_1_51' title='bbox 1231 1066 1456 1146; x_wconf 79' lang='grc' dir='ltr'>ευγγράμματα</span> 
     </span>
     <span class='ocr_line' id='line_1_8' title="bbox 292 1164 1456 1248; baseline 0.005 -24"><span class='ocrx_word' id='word_1_52' title='bbox 292 1164 466 1236; x_wconf 89' lang='lat' dir='ltr'>ediderunt,</span> <span class='ocrx_word' id='word_1_53' title='bbox 490 1167 618 1248; x_wconf 90' lang='lat' dir='ltr'>denique</span> <span class='ocrx_word' id='word_1_54' title='bbox 642 1165 758 1228; x_wconf 90' lang='lat' dir='ltr'>scholas</span> <span class='ocrx_word' id='word_1_55' title='bbox 780 1169 967 1238; x_wconf 90' lang='lat' dir='ltr'>hahuerunt,</span> <span class='ocrx_word' id='word_1_56' title='bbox 997 1167 1108 1248; x_wconf 91' lang='lat' dir='ltr'>quibus</span> <span class='ocrx_word' id='word_1_57' title='bbox 1130 1169 1284 1230; x_wconf 90' lang='lat' dir='ltr'>doctrinae</span> <span class='ocrx_word' id='word_1_58' title='bbox 1307 1171 1456 1230; x_wconf 89' lang='lat' dir='ltr'>rationem</span> 
     </span>
     <span class='ocr_line' id='line_1_9' title="bbox 294 1268 1457 1346; baseline 0.005 -21"><span class='ocrx_word' id='word_1_59' title='bbox 294 1273 324 1326; x_wconf 92' lang='lat' dir='ltr'>et</span> <span class='ocrx_word' id='word_1_60' title='bbox 346 1276 507 1346; x_wconf 89' lang='lat' dir='ltr'>praecepta</span> <span class='ocrx_word' id='word_1_61' title='bbox 530 1268 686 1346; x_wconf 82' lang='lat' dir='ltr'>discipulis</span> <span class='ocrx_word' id='word_1_62' title='bbox 707 1270 872 1331; x_wconf 87' lang='lat' dir='ltr'>traderent.</span> <span class='ocrx_word' id='word_1_63' title='bbox 909 1270 968 1330; x_wconf 89' lang='lat' dir='ltr'>Sed</span> <span class='ocrx_word' id='word_1_64' title='bbox 990 1270 1125 1332; x_wconf 86' lang='lat' dir='ltr'>Rhiauus</span> <span class='ocrx_word' id='word_1_65' title='bbox 1146 1273 1359 1346; x_wconf 78' lang='lat' dir='ltr'>grammaticae</span> <span class='ocrx_word' id='word_1_66' title='bbox 1382 1273 1457 1332; x_wconf 91' lang='lat' dir='ltr'>artis</span> 
     </span>
     <span class='ocr_line' id='line_1_10' title="bbox 294 1370 1455 1452; baseline 0.006 -26"><span class='ocrx_word' id='word_1_67' title='bbox 294 1386 360 1429; x_wconf 91' lang='lat' dir='ltr'>eam</span> <span class='ocrx_word' id='word_1_68' title='bbox 383 1370 590 1430; x_wconf 87' lang='lat' dir='ltr'>tantummodo</span> <span class='ocrx_word' id='word_1_69' title='bbox 611 1380 727 1448; x_wconf 90' lang='lat' dir='ltr'>partem</span> <span class='ocrx_word' id='word_1_70' title='bbox 750 1374 900 1441; x_wconf 81' lang='lat' dir='ltr'>exercuit,</span> <span class='ocrx_word' id='word_1_71' title='bbox 924 1390 1000 1452; x_wconf 90' lang='lat' dir='ltr'>quae</span> <span class='ocrx_word' id='word_1_72' title='bbox 1022 1374 1053 1431; x_wconf 91' lang='lat' dir='ltr'>in</span> <span class='ocrx_word' id='word_1_73' title='bbox 1069 1373 1178 1431; x_wconf 89' lang='lat' dir='ltr'>critico</span> <span class='ocrx_word' id='word_1_74' title='bbox 1194 1371 1293 1432; x_wconf 82' lang='lat' dir='ltr'>alticio</span> <span class='ocrx_word' id='word_1_75' title='bbox 1308 1380 1455 1450; x_wconf 86' lang='lat' dir='ltr'>versatur,</span> 
     </span>
     <span class='ocr_line' id='line_1_11' title="bbox 294 1471 1458 1551; baseline 0.002 -19"><span class='ocrx_word' id='word_1_76' title='bbox 294 1490 370 1551; x_wconf 89' lang='lat' dir='ltr'>quae</span> <span class='ocrx_word' id='word_1_77' title='bbox 399 1473 430 1531; x_wconf 92' lang='lat' dir='ltr'>iu</span> <span class='ocrx_word' id='word_1_78' title='bbox 462 1471 559 1533; x_wconf 91' lang='lat' dir='ltr'>studia</span> <span class='ocrx_word' id='word_1_79' title='bbox 588 1481 622 1533; x_wconf 92' lang='lat' dir='ltr'>ut</span> <span class='ocrx_word' id='word_1_80' title='bbox 649 1472 852 1542; x_wconf 87' lang='lat' dir='ltr'>incumberet,</span> <span class='ocrx_word' id='word_1_81' title='bbox 882 1492 919 1533; x_wconf 92' lang='lat' dir='ltr'>eo</span> <span class='ocrx_word' id='word_1_82' title='bbox 945 1475 1136 1550; x_wconf 88' lang='lat' dir='ltr'>potissimum</span> <span class='ocrx_word' id='word_1_83' title='bbox 1165 1473 1283 1533; x_wconf 90' lang='lat' dir='ltr'>videtur</span> <span class='ocrx_word' id='word_1_84' title='bbox 1311 1473 1458 1535; x_wconf 90' lang='lat' dir='ltr'>adductus</span> 
     </span>
     <span class='ocr_line' id='line_1_12' title="bbox 296 1572 1457 1654; baseline 0.005 -22"><span class='ocrx_word' id='word_1_85' title='bbox 296 1591 376 1642; x_wconf 87' lang='lat' dir='ltr'>esse,</span> <span class='ocrx_word' id='word_1_86' title='bbox 400 1572 477 1652; x_wconf 91' lang='lat' dir='ltr'>quod</span> <span class='ocrx_word' id='word_1_87' title='bbox 501 1590 622 1651; x_wconf 90' lang='lat' dir='ltr'>operam</span> <span class='ocrx_word' id='word_1_88' title='bbox 646 1573 750 1643; x_wconf 91' lang='lat' dir='ltr'>dabat,</span> <span class='ocrx_word' id='word_1_89' title='bbox 780 1582 812 1635; x_wconf 91' lang='lat' dir='ltr'>ut</span> <span class='ocrx_word' id='word_1_90' title='bbox 835 1576 899 1654; x_wconf 91' lang='lat' dir='ltr'>ipse</span> <span class='ocrx_word' id='word_1_91' title='bbox 921 1574 1045 1635; x_wconf 87' lang='lat' dir='ltr'>Homeri</span> <span class='ocrx_word' id='word_1_92' title='bbox 1067 1577 1176 1634; x_wconf 90' lang='lat' dir='ltr'>summi</span> <span class='ocrx_word' id='word_1_93' title='bbox 1198 1583 1310 1651; x_wconf 86' lang='lat' dir='ltr'>poetae</span> <span class='ocrx_word' id='word_1_94' title='bbox 1328 1575 1457 1653; x_wconf 92' lang='lat' dir='ltr'>dignita·</span> 
     </span>
     <span class='ocr_line' id='line_1_13' title="bbox 295 1677 1456 1756; baseline 0.004 -22"><span class='ocrx_word' id='word_1_95' title='bbox 295 1682 355 1734; x_wconf 92' lang='lat' dir='ltr'>tem</span> <span class='ocrx_word' id='word_1_96' title='bbox 378 1682 408 1734; x_wconf 91' lang='lat' dir='ltr'>et</span> <span class='ocrx_word' id='word_1_97' title='bbox 429 1677 645 1752; x_wconf 85' lang='lat' dir='ltr'>praestantiam</span> <span class='ocrx_word' id='word_1_98' title='bbox 668 1683 750 1736; x_wconf 90' lang='lat' dir='ltr'>recte</span> <span class='ocrx_word' id='word_1_99' title='bbox 778 1679 951 1737; x_wconf 89' lang='lat' dir='ltr'>aestimaret</span> <span class='ocrx_word' id='word_1_100' title='bbox 979 1684 1009 1736; x_wconf 90' lang='lat' dir='ltr'>et</span> <span class='ocrx_word' id='word_1_101' title='bbox 1038 1678 1175 1756; x_wconf 88' lang='lat' dir='ltr'>poeticae</span> <span class='ocrx_word' id='word_1_102' title='bbox 1203 1677 1382 1738; x_wconf 88' lang='lat' dir='ltr'>elocutionis</span> <span class='ocrx_word' id='word_1_103' title='bbox 1404 1697 1456 1739; x_wconf 91' lang='lat' dir='ltr'>ua·</span> 
     </span>
     <span class='ocr_line' id='line_1_14' title="bbox 295 1774 1456 1857; baseline 0.003 -21"><span class='ocrx_word' id='word_1_104' title='bbox 295 1784 394 1836; x_wconf 91' lang='lat' dir='ltr'>turam</span> <span class='ocrx_word' id='word_1_105' title='bbox 417 1783 447 1835; x_wconf 94' lang='lat' dir='ltr'>et</span> <span class='ocrx_word' id='word_1_106' title='bbox 467 1774 550 1853; x_wconf 89' lang='lat' dir='ltr'>leges</span> <span class='ocrx_word' id='word_1_107' title='bbox 573 1779 693 1855; x_wconf 90' lang='lat' dir='ltr'>penitus</span> <span class='ocrx_word' id='word_1_108' title='bbox 715 1779 911 1857; x_wconf 88' lang='lat' dir='ltr'>perspiceret.</span> <span class='ocrx_word' id='word_1_109' title='bbox 955 1777 993 1838; x_wconf 88' lang='lat' dir='ltr'>Et</span> <span class='ocrx_word' id='word_1_110' title='bbox 1015 1796 1084 1838; x_wconf 89' lang='lat' dir='ltr'>cum</span> <span class='ocrx_word' id='word_1_111' title='bbox 1106 1777 1322 1855; x_wconf 79' lang='lat' dir='ltr'>Aristophanes</span> <span class='ocrx_word' id='word_1_112' title='bbox 1344 1786 1373 1838; x_wconf 93' lang='lat' dir='ltr'>et</span> <span class='ocrx_word' id='word_1_113' title='bbox 1389 1780 1456 1840; x_wconf 90' lang='lat' dir='ltr'>Ari·</span> 
     </span>
     <span class='ocr_line' id='line_1_15' title="bbox 295 1877 1457 1959; baseline 0.002 -21"><span class='ocrx_word' id='word_1_114' title='bbox 295 1877 432 1939; x_wconf 89' lang='lat' dir='ltr'>starchus</span> <span class='ocrx_word' id='word_1_115' title='bbox 454 1895 523 1938; x_wconf 90' lang='lat' dir='ltr'>suas</span> <span class='ocrx_word' id='word_1_116' title='bbox 544 1877 668 1939; x_wconf 90' lang='lat' dir='ltr'>Homeri</span> <span class='ocrx_word' id='word_1_117' title='bbox 690 1878 838 1939; x_wconf 89' lang='lat' dir='ltr'>editiones</span> <span class='ocrx_word' id='word_1_118' title='bbox 860 1879 992 1940; x_wconf 74' lang='lat' dir='ltr'>‘scholae</span> <span class='ocrx_word' id='word_1_119' title='bbox 1021 1886 1109 1959; x_wconf 89' lang='lat' dir='ltr'>atque</span> <span class='ocrx_word' id='word_1_120' title='bbox 1137 1886 1221 1940; x_wconf 84' lang='lat' dir='ltr'>extra</span> <span class='ocrx_word' id='word_1_121' title='bbox 1250 1878 1382 1941; x_wconf 90' lang='lat' dir='ltr'>scholam</span> <span class='ocrx_word' id='word_1_122' title='bbox 1404 1899 1457 1940; x_wconf 90' lang='lat' dir='ltr'>ne·</span> 
     </span>
     <span class='ocr_line' id='line_1_16' title="bbox 294 1977 1458 2059; baseline 0.002 -19"><span class='ocrx_word' id='word_1_123' title='bbox 294 1981 378 2040; x_wconf 89' lang='lat' dir='ltr'>mini&#39;</span> <span class='ocrx_word' id='word_1_124' title='bbox 407 1986 547 2059; x_wconf 89' lang='lat' dir='ltr'>pararent</span> <span class='ocrx_word' id='word_1_125' title='bbox 575 1977 611 2057; x_wconf 83' lang='lat' dir='ltr'>(v.</span> <span class='ocrx_word' id='word_1_126' title='bbox 639 1980 798 2040; x_wconf 89' lang='lat' dir='ltr'>Lehrsium</span> <span class='ocrx_word' id='word_1_127' title='bbox 824 1980 915 2041; x_wconf 88' lang='lat' dir='ltr'>Arist.</span> <span class='ocrx_word' id='word_1_128' title='bbox 943 1998 973 2058; x_wconf 90' lang='lat' dir='ltr'>p.</span> <span class='ocrx_word' id='word_1_129' title='bbox 998 1977 1087 2058; x_wconf 83' lang='lat'>361),</span> <span class='ocrx_word' id='word_1_130' title='bbox 1116 1978 1250 2041; x_wconf 87' lang='lat' dir='ltr'>Rhianus</span> <span class='ocrx_word' id='word_1_131' title='bbox 1277 1981 1378 2058; x_wconf 89' lang='lat' dir='ltr'>potius</span> <span class='ocrx_word' id='word_1_132' title='bbox 1406 1984 1458 2042; x_wconf 79' lang='lat' dir='ltr'>‘iu</span> 
     </span>
     <span class='ocr_line' id='line_1_17' title="bbox 294 2080 1457 2160; baseline 0.002 -18"><span class='ocrx_word' id='word_1_133' title='bbox 294 2082 511 2159; x_wconf 85' lang='lat' dir='ltr'>elegantiarum</span> <span class='ocrx_word' id='word_1_134' title='bbox 534 2080 688 2142; x_wconf 89' lang='lat' dir='ltr'>hominum</span> <span class='ocrx_word' id='word_1_135' title='bbox 711 2083 811 2142; x_wconf 89' lang='lat' dir='ltr'>usum&#39;</span> <span class='ocrx_word' id='word_1_136' title='bbox 840 2081 1000 2142; x_wconf 89' lang='lat' dir='ltr'>Homerica</span> <span class='ocrx_word' id='word_1_137' title='bbox 1028 2083 1161 2143; x_wconf 90' lang='lat' dir='ltr'>carmina</span> <span class='ocrx_word' id='word_1_138' title='bbox 1189 2084 1378 2143; x_wconf 87' lang='lat' dir='ltr'>recensuisse</span> <span class='ocrx_word' id='word_1_139' title='bbox 1400 2101 1457 2160; x_wconf 92' lang='lat' dir='ltr'>pu·</span> 
     </span>
     <span class='ocr_line' id='line_1_18' title="bbox 293 2182 1458 2262; baseline 0.001 -19"><span class='ocrx_word' id='word_1_140' title='bbox 293 2183 402 2244; x_wconf 90' lang='lat' dir='ltr'>tandus</span> <span class='ocrx_word' id='word_1_141' title='bbox 417 2190 472 2243; x_wconf 86' lang='lat' dir='ltr'>est.</span> <span class='ocrx_word' id='word_1_142' title='bbox 502 2182 622 2243; x_wconf 88' lang='lat' dir='ltr'>Etenim</span> <span class='ocrx_word' id='word_1_143' title='bbox 637 2184 669 2243; x_wconf 94' lang='lat' dir='ltr'>in</span> <span class='ocrx_word' id='word_1_144' title='bbox 692 2183 797 2244; x_wconf 90' lang='lat' dir='ltr'>critico</span> <span class='ocrx_word' id='word_1_145' title='bbox 819 2185 940 2261; x_wconf 90' lang='lat' dir='ltr'>negotio</span> <span class='ocrx_word' id='word_1_146' title='bbox 962 2183 1148 2244; x_wconf 87' lang='lat' dir='ltr'>conficiendo</span> <span class='ocrx_word' id='word_1_147' title='bbox 1170 2191 1317 2261; x_wconf 88' lang='lat' dir='ltr'>poetam</span> <span class='ocrx_word' id='word_1_148' title='bbox 1340 2187 1458 2262; x_wconf 89' lang='lat' dir='ltr'>magis</span> 
     </span>
     <span class='ocr_line' id='line_1_19' title="bbox 294 2285 1458 2364; baseline 0.002 -20"><span class='ocrx_word' id='word_1_149' title='bbox 294 2304 398 2364; x_wconf 88' lang='lat' dir='ltr'>quam</span> <span class='ocrx_word' id='word_1_150' title='bbox 430 2285 718 2362; x_wconf 87' lang='lat' dir='ltr'>grammaticum</span> <span class='ocrx_word' id='word_1_151' title='bbox 746 2303 778 2345; x_wconf 90' lang='lat' dir='ltr'>se</span> <span class='ocrx_word' id='word_1_152' title='bbox 799 2286 969 2364; x_wconf 90' lang='lat' dir='ltr'>praestitit,</span> <span class='ocrx_word' id='word_1_153' title='bbox 993 2293 1023 2345; x_wconf 90' lang='lat' dir='ltr'>et</span> <span class='ocrx_word' id='word_1_154' title='bbox 1045 2288 1179 2364; x_wconf 90' lang='lat' dir='ltr'>quamvis</span> <span class='ocrx_word' id='word_1_155' title='bbox 1206 2285 1286 2346; x_wconf 90' lang='lat' dir='ltr'>haud</span> <span class='ocrx_word' id='word_1_156' title='bbox 1309 2304 1369 2346; x_wconf 92' lang='lat' dir='ltr'>uno</span> <span class='ocrx_word' id='word_1_157' title='bbox 1391 2286 1458 2348; x_wconf 92' lang='lat' dir='ltr'>loco</span> 
     </span>
     <span class='ocr_line' id='line_1_20' title="bbox 294 2385 1458 2466; baseline 0.003 -20"><span class='ocrx_word' id='word_1_158' title='bbox 294 2387 436 2447; x_wconf 83' lang='lat' dir='ltr'>eximiam</span> <span class='ocrx_word' id='word_1_159' title='bbox 464 2386 577 2462; x_wconf 87' lang='lat' dir='ltr'>ingenii</span> <span class='ocrx_word' id='word_1_160' title='bbox 606 2387 702 2446; x_wconf 86' lang='lat' dir='ltr'>aciem</span> <span class='ocrx_word' id='word_1_161' title='bbox 719 2394 749 2447; x_wconf 88' lang='lat' dir='ltr'>et</span> <span class='ocrx_word' id='word_1_162' title='bbox 764 2385 904 2447; x_wconf 90' lang='lat' dir='ltr'>subtilem</span> <span class='ocrx_word' id='word_1_163' title='bbox 931 2386 1078 2464; x_wconf 91' lang='lat' dir='ltr'>quandam</span> <span class='ocrx_word' id='word_1_164' title='bbox 1094 2387 1261 2448; x_wconf 88' lang='lat' dir='ltr'>doctrinam</span> <span class='ocrx_word' id='word_1_165' title='bbox 1282 2387 1458 2466; x_wconf 88' lang='lat' dir='ltr'>comproba-</span> 
     </span>
     <span class='ocr_line' id='line_1_21' title="bbox 296 2487 1458 2567; baseline 0.003 -20"><span class='ocrx_word' id='word_1_166' title='bbox 296 2490 386 2557; x_wconf 89' lang='lat' dir='ltr'>verit,</span> <span class='ocrx_word' id='word_1_167' title='bbox 409 2488 504 2564; x_wconf 90' lang='lat' dir='ltr'>magis</span> <span class='ocrx_word' id='word_1_168' title='bbox 526 2494 628 2547; x_wconf 90' lang='lat' dir='ltr'>tamen</span> <span class='ocrx_word' id='word_1_169' title='bbox 651 2489 717 2548; x_wconf 90' lang='lat' dir='ltr'>eius</span> <span class='ocrx_word' id='word_1_170' title='bbox 739 2488 846 2550; x_wconf 84' lang='lat' dir='ltr'>iudicii</span> <span class='ocrx_word' id='word_1_171' title='bbox 868 2487 1062 2566; x_wconf 88' lang='lat' dir='ltr'>elegantiam,</span> <span class='ocrx_word' id='word_1_172' title='bbox 1091 2488 1221 2548; x_wconf 88' lang='lat' dir='ltr'>vividum</span> <span class='ocrx_word' id='word_1_173' title='bbox 1248 2489 1368 2567; x_wconf 91' lang='lat' dir='ltr'>pulchri</span> <span class='ocrx_word' id='word_1_174' title='bbox 1390 2509 1458 2550; x_wconf 90' lang='lat' dir='ltr'>sen·</span> 
     </span>
     <span class='ocr_line' id='line_1_22' title="bbox 294 2589 1458 2671; baseline 0.001 -21"><span class='ocrx_word' id='word_1_175' title='bbox 294 2609 370 2660; x_wconf 89' lang='lat' dir='ltr'>sum,</span> <span class='ocrx_word' id='word_1_176' title='bbox 387 2590 517 2669; x_wconf 87' lang='lat' dir='ltr'>denique</span> <span class='ocrx_word' id='word_1_177' title='bbox 534 2607 584 2648; x_wconf 88' lang='lat' dir='ltr'>eas</span> <span class='ocrx_word' id='word_1_178' title='bbox 598 2589 726 2649; x_wconf 89' lang='lat' dir='ltr'>virtutes</span> <span class='ocrx_word' id='word_1_179' title='bbox 740 2591 939 2667; x_wconf 89' lang='lat' dir='ltr'>agnoscimus,</span> <span class='ocrx_word' id='word_1_180' title='bbox 951 2607 1027 2671; x_wconf 89' lang='lat' dir='ltr'>quae</span> <span class='ocrx_word' id='word_1_181' title='bbox 1041 2597 1161 2666; x_wconf 91' lang='lat' dir='ltr'>poetam</span> <span class='ocrx_word' id='word_1_182' title='bbox 1173 2610 1262 2670; x_wconf 90' lang='lat' dir='ltr'>quam</span> <span class='ocrx_word' id='word_1_183' title='bbox 1273 2609 1347 2671; x_wconf 90' lang='lat' dir='ltr'>quae</span> <span class='ocrx_word' id='word_1_184' title='bbox 1359 2609 1458 2670; x_wconf 90' lang='lat' dir='ltr'>gram-</span> 
     </span>
     <span class='ocr_line' id='line_1_23' title="bbox 298 2691 1459 2770; baseline 0.001 -17"><span class='ocrx_word' id='word_1_185' title='bbox 298 2694 442 2753; x_wconf 91' lang='lat' dir='ltr'>maticum</span> <span class='ocrx_word' id='word_1_186' title='bbox 470 2691 592 2751; x_wconf 87' lang='lat' dir='ltr'>iaciant.</span> <span class='ocrx_word' id='word_1_187' title='bbox 638 2691 734 2770; x_wconf 81' lang='lat' dir='ltr'>Atque</span> <span class='ocrx_word' id='word_1_188' title='bbox 762 2699 795 2752; x_wconf 92' lang='lat' dir='ltr'>ut</span> <span class='ocrx_word' id='word_1_189' title='bbox 824 2693 919 2768; x_wconf 90' lang='lat' dir='ltr'>ipsius</span> <span class='ocrx_word' id='word_1_190' title='bbox 951 2693 1084 2753; x_wconf 89' lang='lat' dir='ltr'>carmina</span> <span class='ocrx_word' id='word_1_191' title='bbox 1112 2693 1287 2752; x_wconf 88' lang='lat' dir='ltr'>emendatae</span> <span class='ocrx_word' id='word_1_192' title='bbox 1316 2692 1459 2754; x_wconf 90' lang='lat' dir='ltr'>dictionis</span> 
     </span>
     <span class='ocr_line' id='line_1_24' title="bbox 297 2790 1457 2872; baseline 0.004 -22"><span class='ocrx_word' id='word_1_193' title='bbox 297 2790 382 2854; x_wconf 90' lang='lat' dir='ltr'>laude</span> <span class='ocrx_word' id='word_1_194' title='bbox 406 2801 436 2853; x_wconf 87' lang='lat' dir='ltr'>et</span> <span class='ocrx_word' id='word_1_195' title='bbox 464 2793 563 2852; x_wconf 90' lang='lat' dir='ltr'>nativa</span> <span class='ocrx_word' id='word_1_196' title='bbox 592 2792 720 2872; x_wconf 89' lang='lat' dir='ltr'>quadam</span> <span class='ocrx_word' id='word_1_197' title='bbox 748 2800 778 2853; x_wconf 90' lang='lat' dir='ltr'>ct</span> <span class='ocrx_word' id='word_1_198' title='bbox 801 2792 923 2855; x_wconf 87' lang='lat' dir='ltr'>amabili</span> <span class='ocrx_word' id='word_1_199' title='bbox 945 2792 1135 2870; x_wconf 87' lang='lat' dir='ltr'>simplicitate</span> <span class='ocrx_word' id='word_1_200' title='bbox 1164 2794 1327 2863; x_wconf 82' lang='lat' dir='ltr'>excellunt,</span> <span class='ocrx_word' id='word_1_201' title='bbox 1359 2797 1457 2856; x_wconf 91' lang='lat' dir='ltr'>sicin</span> 
     </span>
     <span class='ocr_line' id='line_1_25' title="bbox 293 2893 1457 2975; baseline 0.003 -20"><span class='ocrx_word' id='word_1_202' title='bbox 293 2895 418 2955; x_wconf 91' lang='lat' dir='ltr'>Homeri</span> <span class='ocrx_word' id='word_1_203' title='bbox 441 2913 559 2974; x_wconf 89' lang='lat' dir='ltr'>quoque</span> <span class='ocrx_word' id='word_1_204' title='bbox 583 2893 770 2955; x_wconf 88' lang='lat' dir='ltr'>carminibus</span> <span class='ocrx_word' id='word_1_205' title='bbox 791 2895 985 2955; x_wconf 88' lang='lat' dir='ltr'>recensendis</span> <span class='ocrx_word' id='word_1_206' title='bbox 1013 2896 1141 2955; x_wconf 83' lang='lat' dir='ltr'>maxime</span> <span class='ocrx_word' id='word_1_207' title='bbox 1169 2898 1315 2957; x_wconf 89' lang='lat' dir='ltr'>orationis</span> <span class='ocrx_word' id='word_1_208' title='bbox 1342 2896 1457 2975; x_wconf 89' lang='lat' dir='ltr'>simpli·</span> 
     </span>
     <span class='ocr_line' id='line_1_26' title="bbox 294 2997 1458 3075; baseline 0 -18"><span class='ocrx_word' id='word_1_209' title='bbox 294 2999 433 3063; x_wconf 87' lang='lat' dir='ltr'>citatem,</span> <span class='ocrx_word' id='word_1_210' title='bbox 456 2998 720 3074; x_wconf 88' lang='lat' dir='ltr'>perspicuitatem,</span> <span class='ocrx_word' id='word_1_211' title='bbox 743 3003 928 3058; x_wconf 86' lang='lat' dir='ltr'>venustatem</span> <span class='ocrx_word' id='word_1_212' title='bbox 951 2999 992 3057; x_wconf 91' lang='lat' dir='ltr'>ita</span> <span class='ocrx_word' id='word_1_213' title='bbox 1008 3002 1138 3057; x_wconf 91' lang='lat' dir='ltr'>sectatus</span> <span class='ocrx_word' id='word_1_214' title='bbox 1152 3005 1213 3066; x_wconf 90' lang='lat' dir='ltr'>est,</span> <span class='ocrx_word' id='word_1_215' title='bbox 1237 3005 1272 3058; x_wconf 90' lang='lat' dir='ltr'>ut</span> <span class='ocrx_word' id='word_1_216' title='bbox 1294 2997 1458 3075; x_wconf 87' lang='lat' dir='ltr'>simplicis-</span> 
     </span>
     <span class='ocr_line' id='line_1_27' title="bbox 294 3100 1456 3179; baseline 0 -20"><span class='ocrx_word' id='word_1_217' title='bbox 294 3102 400 3161; x_wconf 89' lang='lat' dir='ltr'>simam</span> <span class='ocrx_word' id='word_1_218' title='bbox 424 3116 572 3179; x_wconf 89' lang='lat' dir='ltr'>quamque</span> <span class='ocrx_word' id='word_1_219' title='bbox 589 3104 773 3160; x_wconf 90' lang='lat' dir='ltr'>structuram</span> <span class='ocrx_word' id='word_1_220' title='bbox 795 3100 907 3159; x_wconf 88' lang='lat' dir='ltr'>ceteris</span> <span class='ocrx_word' id='word_1_221' title='bbox 922 3105 1132 3177; x_wconf 87' lang='lat' dir='ltr'>anteponeret,</span> <span class='ocrx_word' id='word_1_222' title='bbox 1155 3116 1204 3158; x_wconf 91' lang='lat' dir='ltr'>res</span> <span class='ocrx_word' id='word_1_223' title='bbox 1220 3107 1354 3161; x_wconf 87' lang='lat' dir='ltr'>narratas</span> <span class='ocrx_word' id='word_1_224' title='bbox 1369 3119 1456 3179; x_wconf 91' lang='lat' dir='ltr'>quam</span> 
     </span>
     <span class='ocr_line' id='line_1_28' title="bbox 294 3196 1457 3280; baseline -0.001 -18"><span class='ocrx_word' id='word_1_225' title='bbox 294 3201 523 3262; x_wconf 86' lang='lat' dir='ltr'>accuratissime</span> <span class='ocrx_word' id='word_1_226' title='bbox 554 3207 583 3258; x_wconf 93' lang='lat' dir='ltr'>et</span> <span class='ocrx_word' id='word_1_227' title='bbox 606 3196 772 3260; x_wconf 88' lang='lat' dir='ltr'>clarissime</span> <span class='ocrx_word' id='word_1_228' title='bbox 793 3197 895 3259; x_wconf 91' lang='lat' dir='ltr'>verbis</span> <span class='ocrx_word' id='word_1_229' title='bbox 916 3200 1044 3277; x_wconf 82' lang='lat' dir='ltr'>exprimi</span> <span class='ocrx_word' id='word_1_230' title='bbox 1066 3217 1122 3260; x_wconf 89' lang='lat' dir='ltr'>oco</span> <span class='ocrx_word' id='word_1_231' title='bbox 1150 3201 1310 3280; x_wconf 91' lang='lat' dir='ltr'>quicquam</span> <span class='ocrx_word' id='word_1_232' title='bbox 1336 3203 1368 3260; x_wconf 92' lang='lat' dir='ltr'>in</span> <span class='ocrx_word' id='word_1_233' title='bbox 1391 3220 1457 3262; x_wconf 91' lang='lat' dir='ltr'>ora·</span> 
     </span>
     <span class='ocr_line' id='line_1_29' title="bbox 294 3298 1481 3380; baseline 0 -16"><span class='ocrx_word' id='word_1_234' title='bbox 294 3305 376 3364; x_wconf 90' lang='lat' dir='ltr'>tione</span> <span class='ocrx_word' id='word_1_235' title='bbox 398 3304 498 3362; x_wconf 89' lang='lat' dir='ltr'>inesse</span> <span class='ocrx_word' id='word_1_236' title='bbox 520 3298 621 3369; x_wconf 91' lang='lat' dir='ltr'>vellet,</span> <span class='ocrx_word' id='word_1_237' title='bbox 651 3299 731 3380; x_wconf 88' lang='lat' dir='ltr'>quod</span> <span class='ocrx_word' id='word_1_238' title='bbox 753 3308 804 3361; x_wconf 92' lang='lat' dir='ltr'>aut</span> <span class='ocrx_word' id='word_1_239' title='bbox 832 3298 912 3378; x_wconf 89' lang='lat' dir='ltr'>leges</span> <span class='ocrx_word' id='word_1_240' title='bbox 939 3301 1148 3378; x_wconf 90' lang='lat' dir='ltr'>grammaticas</span> <span class='ocrx_word' id='word_1_241' title='bbox 1175 3319 1298 3362; x_wconf 88' lang='lat' dir='ltr'>usumve</span> <span class='ocrx_word' id='word_1_242' title='bbox 1321 3302 1481 3365; x_wconf 57' lang='lat' dir='ltr'>Homeri-1</span> 
     </span>
     <span class='ocr_line' id='line_1_30' title="bbox 294 3400 1457 3482; baseline -0.002 -16"><span class='ocrx_word' id='word_1_243' title='bbox 294 3424 364 3479; x_wconf 85' lang='lat' dir='ltr'>cum</span> <span class='ocrx_word' id='word_1_244' title='bbox 388 3402 512 3464; x_wconf 91' lang='lat' dir='ltr'>violaret</span> <span class='ocrx_word' id='word_1_245' title='bbox 535 3410 586 3463; x_wconf 91' lang='lat' dir='ltr'>aut</span> <span class='ocrx_word' id='word_1_246' title='bbox 609 3400 731 3465; x_wconf 89' lang='lat' dir='ltr'>obscuri</span> <span class='ocrx_word' id='word_1_247' title='bbox 753 3402 825 3482; x_wconf 90' lang='lat' dir='ltr'>quid</span> <span class='ocrx_word' id='word_1_248' title='bbox 848 3410 879 3463; x_wconf 90' lang='lat' dir='ltr'>et</span> <span class='ocrx_word' id='word_1_249' title='bbox 901 3401 1035 3480; x_wconf 91' lang='lat' dir='ltr'>ambigui</span> <span class='ocrx_word' id='word_1_250' title='bbox 1062 3401 1187 3463; x_wconf 90' lang='lat' dir='ltr'>baberet</span> <span class='ocrx_word' id='word_1_251' title='bbox 1209 3410 1260 3464; x_wconf 91' lang='lat' dir='ltr'>aut</span> <span class='ocrx_word' id='word_1_252' title='bbox 1282 3404 1457 3465; x_wconf 88' lang='lat' dir='ltr'>insolentiae</span> 
     </span>
    </p>
   </div>
   <div class='ocr_carea' id='block_1_3' title="bbox 294 3501 1457 3687">
    <p class='ocr_par' dir='ltr' id='par_1_3' title="bbox 294 3501 1457 3687">
     <span class='ocr_line' id='line_1_31' title="bbox 294 3501 1456 3584; baseline 0 -18"><span class='ocrx_word' id='word_1_253' title='bbox 294 3514 324 3567; x_wconf 91' lang='lat' dir='ltr'>et</span> <span class='ocrx_word' id='word_1_254' title='bbox 347 3506 508 3567; x_wconf 86' lang='lat' dir='ltr'>meditatae</span> <span class='ocrx_word' id='word_1_255' title='bbox 539 3505 694 3565; x_wconf 89' lang='lat' dir='ltr'>doctrinae</span> <span class='ocrx_word' id='word_1_256' title='bbox 717 3507 849 3584; x_wconf 89' lang='lat' dir='ltr'>speciem</span> <span class='ocrx_word' id='word_1_257' title='bbox 877 3521 949 3584; x_wconf 89' lang='lat' dir='ltr'>prae</span> <span class='ocrx_word' id='word_1_258' title='bbox 976 3521 1009 3564; x_wconf 90' lang='lat' dir='ltr'>se</span> <span class='ocrx_word' id='word_1_259' title='bbox 1038 3504 1143 3564; x_wconf 83' lang='lat' dir='ltr'>ferret.</span> <span class='ocrx_word' id='word_1_260' title='bbox 1186 3502 1274 3564; x_wconf 92' lang='lat' dir='ltr'>Velut</span> <span class='ocrx_word' id='word_1_261' title='bbox 1301 3501 1380 3568; x_wconf 73' lang='lat'>146</span> <span class='ocrx_word' id='word_1_262' title='bbox 1404 3501 1456 3584; x_wconf 87' lang='grc'>(6).</span> 
     </span>
     <span class='ocr_line' id='line_1_32' title="bbox 294 3599 1457 3687; baseline -0.003 -17"><span class='ocrx_word' id='word_1_263' title='bbox 294 3606 323 3670; x_wconf 92' lang='grc' dir='ltr'>Υ</span> <span class='ocrx_word' id='word_1_264' title='bbox 347 3603 407 3668; x_wconf 88' lang='grc'>188</span> <span class='ocrx_word' id='word_1_265' title='bbox 431 3602 481 3685; x_wconf 89' lang='grc'>(9).</span> <span class='ocrx_word' id='word_1_266' title='bbox 504 3609 522 3668; x_wconf 82' lang='grc' dir='ltr'>δ</span> <span class='ocrx_word' id='word_1_267' title='bbox 547 3602 586 3667; x_wconf 83' lang='grc'>12</span> <span class='ocrx_word' id='word_1_268' title='bbox 609 3602 680 3687; x_wconf 92' lang='grc'>(14).</span> <span class='ocrx_word' id='word_1_269' title='bbox 703 3608 720 3669; x_wconf 85' lang='grc' dir='ltr'>ζ</span> <span class='ocrx_word' id='word_1_270' title='bbox 745 3602 784 3665; x_wconf 88' lang='grc'>10</span> <span class='ocrx_word' id='word_1_271' title='bbox 806 3602 878 3684; x_wconf 89' lang='lat'><strong>(33).</strong></span> <span class='ocrx_word' id='word_1_272' title='bbox 901 3607 917 3670; x_wconf 83' lang='grc' dir='ltr'>ξ</span> <span class='ocrx_word' id='word_1_273' title='bbox 939 3600 1001 3682; x_wconf 81' lang='lat'>343</span> <span class='ocrx_word' id='word_1_274' title='bbox 1019 3599 1079 3684; x_wconf 82' lang='lat'>(42)</span> <span class='ocrx_word' id='word_1_275' title='bbox 1103 3604 1266 3680; x_wconf 83' lang='lat' dir='ltr'>verborum</span> <span class='ocrx_word' id='word_1_276' title='bbox 1288 3613 1457 3668; x_wconf 87' lang='lat' dir='ltr'>structurae</span> 
     </span>
    </p>
   </div>
   <div class='ocr_carea' id='block_1_4' title="bbox 295 3794 494 3804">
    <p class='ocr_par' dir='ltr' id='par_1_4' title="bbox 295 3794 494 3804">
     <span class='ocr_line' id='line_1_33' title="bbox 295 3794 494 3804; baseline -0.005 -1"><span class='ocrx_word' id='word_1_277' title='bbox 295 3794 494 3804; x_wconf 81' lang='lat'>.--.-.-——-</span> 
     </span>
    </p>
   </div>
   <div class='ocr_carea' id='block_1_5' title="bbox 291 3903 1458 4398">
    <p class='ocr_par' dir='ltr' id='par_1_5' title="bbox 291 3903 1458 4398">
     <span class='ocr_line' id='line_1_34' title="bbox 294 3903 1456 3978; baseline 0 -18"><span class='ocrx_word' id='word_1_278' title='bbox 294 3926 322 3978; x_wconf 92' lang='lat' dir='ltr'>p.</span> <span class='ocrx_word' id='word_1_279' title='bbox 341 3912 388 3972; x_wconf 78' lang='lat' dir='ltr'>tt,</span> <span class='ocrx_word' id='word_1_280' title='bbox 407 3922 469 3960; x_wconf 89' lang='lat' dir='ltr'>cum</span> <span class='ocrx_word' id='word_1_281' title='bbox 487 3905 575 3960; x_wconf 72' lang='lat' dir='ltr'>dicata</span> <span class='ocrx_word' id='word_1_282' title='bbox 595 3905 723 3960; x_wconf 82' lang='lat' dir='ltr'>‘Videtur</span> <span class='ocrx_word' id='word_1_283' title='bbox 741 3903 844 3958; x_wconf 84' lang='lat' dir='ltr'>Rhiani</span> <span class='ocrx_word' id='word_1_284' title='bbox 861 3919 948 3974; x_wconf 86' lang='lat' dir='ltr'>opera</span> <span class='ocrx_word' id='word_1_285' title='bbox 964 3904 1057 3974; x_wconf 81' lang='lat' dir='ltr'>posita</span> <span class='ocrx_word' id='word_1_286' title='bbox 1073 3903 1158 3958; x_wconf 84' lang='lat' dir='ltr'>fuisse</span> <span class='ocrx_word' id='word_1_287' title='bbox 1176 3903 1320 3959; x_wconf 84' lang='lat' dir='ltr'>maxime</span> <span class='ocrx_word' id='word_1_288' title='bbox 1337 3905 1367 3958; x_wconf 89' lang='lat' dir='ltr'>in</span> <span class='ocrx_word' id='word_1_289' title='bbox 1383 3923 1456 3960; x_wconf 87' lang='lat' dir='ltr'>rese-</span> 
     </span>
     <span class='ocr_line' id='line_1_35' title="bbox 294 3988 1457 4059; baseline -0.002 -13"><span class='ocrx_word' id='word_1_290' title='bbox 294 3991 388 4046; x_wconf 86' lang='lat' dir='ltr'>candis</span> <span class='ocrx_word' id='word_1_291' title='bbox 406 3989 533 4044; x_wconf 84' lang='lat' dir='ltr'>versibus</span> <span class='ocrx_word' id='word_1_292' title='bbox 550 3989 597 4056; x_wconf 85' lang='lat' dir='ltr'>iis,</span> <span class='ocrx_word' id='word_1_293' title='bbox 616 3989 664 4059; x_wconf 88' lang='lat' dir='ltr'>qui</span> <span class='ocrx_word' id='word_1_294' title='bbox 681 3988 879 4058; x_wconf 83' lang='lat' dir='ltr'>supervacanei</span> <span class='ocrx_word' id='word_1_295' title='bbox 897 3988 1045 4057; x_wconf 78' lang='grc' dir='ltr'>(περιττοί)</span> <span class='ocrx_word' id='word_1_296' title='bbox 1063 3988 1224 4043; x_wconf 79' lang='lat' dir='ltr'>viderentur</span> <span class='ocrx_word' id='word_1_297' title='bbox 1242 3998 1323 4045; x_wconf 78' lang='lat' dir='ltr'>esee’</span> <span class='ocrx_word' id='word_1_298' title='bbox 1358 3990 1457 4044; x_wconf 85' lang='lat' dir='ltr'>Eidem</span> 
     </span>
     <span class='ocr_line' id='line_1_36' title="bbox 292 4072 1457 4142; baseline -0.003 -11"><span class='ocrx_word' id='word_1_299' title='bbox 292 4092 358 4132; x_wconf 90' lang='lat' dir='ltr'>varo</span> <span class='ocrx_word' id='word_1_300' title='bbox 377 4072 528 4130; x_wconf 84' lang='lat' dir='ltr'>affirmanti</span> <span class='ocrx_word' id='word_1_301' title='bbox 545 4073 646 4130; x_wconf 77' lang='lat' dir='ltr'>atiani</span> <span class='ocrx_word' id='word_1_302' title='bbox 664 4075 803 4130; x_wconf 83' lang='lat' dir='ltr'>atheleses</span> <span class='ocrx_word' id='word_1_303' title='bbox 815 4073 1013 4129; x_wconf 85' lang='lat' dir='ltr'>audacissimas</span> <span class='ocrx_word' id='word_1_304' title='bbox 1031 4072 1156 4140; x_wconf 90' lang='lat' dir='ltr'>quidem,</span> <span class='ocrx_word' id='word_1_305' title='bbox 1174 4073 1224 4128; x_wconf 86' lang='lat' dir='ltr'>sed</span> <span class='ocrx_word' id='word_1_306' title='bbox 1235 4073 1457 4142; x_wconf 83' lang='lat' dir='ltr'>elegantissimas</span> 
     </span>
     <span class='ocr_line' id='line_1_37' title="bbox 293 4157 1458 4226; baseline -0.002 -11"><span class='ocrx_word' id='word_1_307' title='bbox 293 4177 351 4216; x_wconf 85' lang='lat' dir='ltr'>esse</span> <span class='ocrx_word' id='word_1_308' title='bbox 369 4159 485 4216; x_wconf 88' lang='lat' dir='ltr'>meliore</span> <span class='ocrx_word' id='word_1_309' title='bbox 503 4160 564 4215; x_wconf 89' lang='lat' dir='ltr'>iure</span> <span class='ocrx_word' id='word_1_310' title='bbox 575 4158 703 4214; x_wconf 82' lang='lat' dir='ltr'>assentiri</span> <span class='ocrx_word' id='word_1_311' title='bbox 720 4159 792 4214; x_wconf 86' lang='lat' dir='ltr'>licet.</span> <span class='ocrx_word' id='word_1_312' title='bbox 828 4157 958 4212; x_wconf 81' lang='lat' dir='ltr'>Celerum</span> <span class='ocrx_word' id='word_1_313' title='bbox 981 4157 1188 4226; x_wconf 84' lang='lat' dir='ltr'>Sengebuschio</span> <span class='ocrx_word' id='word_1_314' title='bbox 1205 4157 1262 4212; x_wconf 85' lang='lat' dir='ltr'>iam</span> <span class='ocrx_word' id='word_1_315' title='bbox 1279 4158 1320 4213; x_wconf 85' lang='lat' dir='ltr'>La</span> <span class='ocrx_word' id='word_1_316' title='bbox 1337 4158 1458 4214; x_wconf 85' lang='lat' dir='ltr'>Roohius</span> 
     </span>
     <span class='ocr_line' id='line_1_38' title="bbox 291 4242 1458 4315; baseline 0 -17"><span class='ocrx_word' id='word_1_317' title='bbox 291 4244 310 4300; x_wconf 92' lang='lat'>1.</span> <span class='ocrx_word' id='word_1_318' title='bbox 329 4244 346 4300; x_wconf 90' lang='lat' dir='ltr'>l.</span> <span class='ocrx_word' id='word_1_319' title='bbox 365 4264 393 4315; x_wconf 90' lang='lat' dir='ltr'>p.</span> <span class='ocrx_word' id='word_1_320' title='bbox 411 4251 446 4298; x_wconf 87' lang='grc'>44</span> <span class='ocrx_word' id='word_1_321' title='bbox 464 4245 609 4300; x_wconf 83' lang='lat' dir='ltr'>oblocutus</span> <span class='ocrx_word' id='word_1_322' title='bbox 631 4244 685 4309; x_wconf 81' lang='lat' dir='ltr'>est,</span> <span class='ocrx_word' id='word_1_323' title='bbox 712 4259 880 4313; x_wconf 88' lang='lat' dir='ltr'>quamquam</span> <span class='ocrx_word' id='word_1_324' title='bbox 906 4242 930 4296; x_wconf 88' lang='lat' dir='ltr'>is</span> <span class='ocrx_word' id='word_1_325' title='bbox 957 4242 1070 4311; x_wconf 87' lang='lat' dir='ltr'>quidem</span> <span class='ocrx_word' id='word_1_326' title='bbox 1093 4242 1162 4297; x_wconf 84' lang='lat' dir='ltr'>duas</span> <span class='ocrx_word' id='word_1_327' title='bbox 1184 4244 1294 4298; x_wconf 88' lang='lat' dir='ltr'>tantum</span> <span class='ocrx_word' id='word_1_328' title='bbox 1316 4243 1458 4299; x_wconf 72' lang='lat' dir='ltr'>albeteses</span> 
     </span>
     <span class='ocr_line' id='line_1_39' title="bbox 293 4319 948 4398; baseline -0.005 -13"><span class='ocrx_word' id='word_1_329' title='bbox 293 4319 537 4398; x_wconf 78' lang='lat' dir='ltr'>commemoravit,</span> <span class='ocrx_word' id='word_1_330' title='bbox 555 4327 669 4384; x_wconf 80' lang='lat' dir='ltr'>tertiam</span> <span class='ocrx_word' id='word_1_331' title='bbox 687 4346 704 4383; x_wconf 92' lang='grc' dir='ltr'>α</span> <span class='ocrx_word' id='word_1_332' title='bbox 722 4333 771 4382; x_wconf 76' lang='grc'>279</span> <span class='ocrx_word' id='word_1_333' title='bbox 791 4330 828 4396; x_wconf 87' lang='grc'>(3)</span> <span class='ocrx_word' id='word_1_334' title='bbox 848 4326 948 4383; x_wconf 80' lang='lat' dir='ltr'>omisit.</span> 
     </span>
    </p>
   </div>
   <div class='ocr_carea' id='block_1_6' title="bbox 0 0 1675 5164">
    <p class='ocr_par' dir='ltr' id='par_1_6' title="bbox 0 0 1675 5164">
     <span class='ocr_line' id='line_1_40' title="bbox 0 0 1675 5164; baseline 0 0"><span class='ocrx_word' id='word_1_335' title='bbox 0 0 1675 5164; x_wconf 95' lang='lat' dir='ltr'> </span> 
     </span>
    </p>
   </div>
  </div>
 </body>
</html>
