3340 5164
891 353 910 416 6

824 445 955 454 *αι-ω..

319 553 478 625 supersunt
502 554 599 606 tamen
616 544 751 606 nonnulli
766 547 969 622 grammatici,
993 549 1119 608 nrinoris
1142 549 1183 608 illi
1200 548 1320 628 quidem
1344 555 1374 608 et
1389 551 1482 610 lamae

319 658 349 708 et
378 647 579 716 auctoritatis,
608 649 660 726 qui
688 646 783 707 adhuc
812 666 828 706 a
856 647 1073 726 philologorum
1102 651 1238 710 acumine
1269 657 1299 710 et
1327 650 1482 728 diligentia

320 749 445 810 salutern
479 756 566 828 atque
600 749 737 826 caliginis
771 767 828 828 qua
868 757 1009 827 teguntur
1046 751 1267 830 dissipationem
1302 759 1483 831 exspectent,

319 851 401 914 Inter
423 869 497 930 quos
520 850 602 910 valde
626 851 794 910 mirandum
817 857 877 920 est,
909 852 986 930 quod
1010 851 1163 921 llhiani,
1192 854 1244 932 qui
1272 855 1388 932 poetica
1411 872 1483 932 quo·

319 971 377 1032 que
400 953 486 1013 laude
503 959 625 1012 ornatus
640 951 836 1013 honorificum
859 955 888 1012 in
910 953 1120 1014 Alexandrinis
1142 961 1242 1014 teneat
1257 954 1363 1026 locum,
1387 957 1482 1016 studia

319 1054 477 1115 Homerica
500 1072 558 1114 non
581 1060 640 1113 tam
665 1062 801 1115 accurate
831 1062 859 1114 et
882 1057 1045 1134 exquisIte,
1077 1075 1164 1135 qnam
1187 1074 1241 1136 par
1269 1063 1330 1126 est,
1360 1064 1483 1118 tractata

321 1163 398 1216 sunt.
430 1155 503 1216 Nam
520 1158 637 1216 tametsi
660 1173 735 1233 quae
758 1157 787 1216 in
803 1156 933 1218 Homero
948 1157 1132 1218 recensendo
1148 1157 1324 1228 elaboravit,
1349 1177 1484 1237 magnam

320 1265 435 1337 partem
451 1256 599 1319 oblivione
616 1257 721 1318 obruta
743 1266 826 1328 sunt,
849 1266 964 1327 tamen,
990 1266 1021 1318 ut
1036 1258 1133 1319 Wolfii
1150 1256 1278 1338 verhis¹)
1300 1269 1378 1330 utar,
1402 1280 1483 1322 suam

321 1358 443 1418 Homeri
467 1361 673 1419 recensionem
696 1359 784 1419 nobis
813 1360 858 1420 rel
881 1362 984 1440 paucis
1007 1361 1184 1438 fragmentis
1207 1361 1483 1422 desiderabiliorem

321 1460 407 1529 iacit,
441 1479 529 1540 qnam
561 1460 704 1540 quidquid
738 1464 768 1521 in
802 1461 858 1523 noo
893 1480 1003 1540 genere
1036 1462 1108 1522 lusit
1135 1462 1308 1542 Apollonius
1335 1463 1484 1531 Rhodius;

322 1579 447 1640 cumque
470 1569 551 1622 tanta
574 1561 696 1623 Wolfius
711 1563 806 1623 valeat
828 1564 1018 1632 auctoritate,
1042 1570 1075 1623 ut
1097 1563 1133 1623 ah
1157 1583 1192 1624 eo
1213 1566 1311 1642 magni
1335 1567 1484 1626 aestimari

272 1711 274 1716 .
323 1681 454 1723 summae
488 1671 569 1723 recte
600 1664 680 1724 laudi
713 1665 853 1734 ducatur,
887 1683 946 1725 non
978 1684 1052 1745 opus
1083 1673 1128 1726 est
1160 1665 1209 1725 hic
1243 1666 1380 1727 subicere
1409 1686 1484 1746 quae

323 1765 431 1826 Rhiani
453 1767 485 1825 in
508 1765 625 1827 laudem
648 1773 677 1826 et
700 1767 986 1828 commendationem
1009 1768 1112 1828 allerri
1135 1775 1260 1846 possunt
1282 1768 1390 1830 iudicia
1414 1769 1484 1829 alio·

323 1870 607 1947 run1,praesertim
630 1886 696 1928 cum
721 1875 771 1928 aut
792 1887 916 1948 prorsus
938 1869 1088 1949 pendeant
1110 1887 1144 1928 ex
1169 1868 1274 1929 Wolfio
1297 1873 1400 1930 autin
1423 1870 1485 1930 lau·

323 1969 419 2029 dando
441 1969 556 2029 Rhiano
579 1987 645 2029 cum
669 1988 704 2029 eo
727 1967 953 2048 consentiant.²)

408 2070 503 2132 Huius
525 2072 618 2149 igitur
640 2073 738 2132 critici
767 2071 844 2132 haud
874 2073 1082 2133 contemnendi
1105 2070 1273 2134 Homericis
1296 2073 1409 2134 studiis
1426 2094 1485 2134 non

324 2191 388 2234 eam
416 2191 534 2241 curam,
563 2191 620 2252 qua
650 2174 737 2251 digna
767 2182 880 2242 essent,
915 2173 951 2234 ah
980 2173 1152 2234 hominihus
1180 2175 1275 2235 doctis
1302 2176 1485 2254 impertitam

323 2291 389 2334 esse
412 2274 485 2334 dixi.
529 2274 602 2335 Nam
631 2277 682 2354 qui
711 2274 807 2336 adhuc
829 2275 865 2334 de
895 2275 944 2335 illo
967 2276 1132 2355 peculiares
1159 2277 1275 2338 libellos
1302 2278 1486 2357 conscripse-

324 2371 433 2454 contu,
447 2394 514 2436 cum
530 2378 696 2437 carminum
713 2378 779 2437 eius
796 2377 938 2456 reliquias
954 2377 1137 2454 colligerent,
1149 2384 1266 2457 poetam
1283 2381 1486 2458 potiusquam

226 2469 228 2472 ’
323 2480 548 2555 grammaticum
572 2485 770 2557 respexerunt
792 2487 879 2558 atque
903 2478 940 2539 ab
961 2478 1127 2539 Homericis
1149 2481 1213 2539 eius
1229 2480 1336 2541 studiis
1357 2489 1487 2542 tractan-

324 2579 370 2638 dis
393 2597 425 2640 se
448 2579 658 2640 abstinuerunt
680 2598 738 2640 uno
762 2580 885 2642 Saalio
908 2589 1046 2660 excepto,
1070 2583 1121 2660 qui
1145 2600 1322 2662 quamquam
1345 2583 1486 2644 disserta·

323 2682 416 2741 tionis
438 2687 552 2760 partem
577 2681 698 2742 alteram
722 2684 753 2742 in
776 2682 832 2742 hac
855 2701 887 2742 re
905 2685 1103 2762 consumpsit,
1127 2683 1206 2744 solos
1227 2689 1324 2744 tamen
1341 2683 1487 2744 Rhianea·

324 2801 390 2843 rum
413 2782 574 2844 lectionum
591 2784 705 2844 indices
722 2783 843 2844 scholiis
858 2785 893 2844 ad
910 2784 1073 2846 Homerum
1096 2784 1132 2845 ab
1149 2785 1316 2846 editoribus
1332 2786 1488 2846 adiunctos.

324 2884 497 2963 exscripsit,
522 2885 602 2945 nullo
625 2903 728 2945 earum
751 2886 886 2945 examine
910 2888 1056 2946 instituto.
1102 2887 1203 2965 Neque
1227 2905 1297 2946 vero
1319 2886 1427 2966 quihus
1448 2887 1486 2946 Μ.

325 2984 634 3062 Sengebusehius
668 2987 846 3047 industriam
879 2987 908 3046 in
943 2985 1071 3047 Homero
1104 2989 1289 3048 recensendo
1322 3008 1338 3048 a
1372 2987 1487 3049 eriano

325 3086 496 3168 collocatam
520 3088 723 3157 adumbravit,
755 3088 791 3148 ab
821 3091 901 3148 omni
924 3095 1008 3168 parte
1036 3089 1142 3149 idonea
1171 3097 1254 3159 sunt,
1284 3108 1359 3169 quae
1387 3108 1487 3150 veram

325 3191 391 3249 eius
413 3197 443 3249 et
458 3207 627 3268 expressam
651 3191 809 3267 imaginem
825 3191 972 3260 reserant,
996 3208 1093 3270 neque
1116 3193 1167 3270 qui
1182 3210 1279 3270 nuper
1302 3190 1338 3251 de
1355 3200 1486 3252 veterum

251 3317 255 3322 ·
323 3290 432 3350 studiis
454 3289 621 3351 Homericis
643 3293 715 3352 satis
744 3291 840 3370 amplo
867 3290 944 3351 libro
967 3299 1182 3352 commentatus
1211 3293 1246 3353 de
1269 3293 1384 3353 eriano
1407 3313 1487 3354 sum-

326 3461 526 3470 ——a-——-

394 3561 418 3624 1)
436 3557 566 3628 Prolegg.
584 3577 612 3628 p.
632 3565 689 3614 188.

392 3642 418 3709 2)
437 3641 478 3698 Ex
495 3643 596 3698 Wolfio
613 3643 739 3714 pendent
756 3642 1031 3698 Graefenhanius
1055 3641 1153 3698 Gesch,
1163 3642 1213 3698 der
1224 3643 1307 3698 kless.
1332 3643 1432 3700 Philol.
1449 3645 1487 3699 im

325 3727 445 3782 elterth.
474 3728 555 3781 Bonn
579 3734 657 3794 1843,
679 3729 732 3782 vol.
755 3729 768 3781 Ι
789 3747 818 3798 p.
837 3735 896 3785 389.
926 3728 953 3782 ΙΙ
974 3748 1002 3798 p.
1026 3735 1082 3794 110,
1118 3725 1334 3796 Siebelisins,
1357 3729 1487 3786 Nicolaus

322 3810 471 3875 §laelium
500 3829 562 3866 cum
589 3827 622 3866 eo
650 3811 825 3866 consentiunt
851 3813 993 3882 Augustus
1017 3811 1219 3880 Meinekius,
1246 3813 1283 3868 M.
1311 3815 1487 3882 Sengebu·

326 3895 439 3950 schius
457 3895 539 3950 Hom.
559 3896 624 3950 diss.
643 3897 657 3950 Ι
673 3915 700 3965 p.
720 3903 761 3950 47.

393 3984 419 4048 3)
436 3980 545 4036 Primus
564 3982 598 4036 de
616 3980 725 4036 Rhieno
743 3997 868 4036 seorsum
886 3980 1040 4052 disputavit
1063 3981 1175 4049 eiusque
1198 3982 1358 4052 fragmento
1376 3983 1489 4052 collegit

326 4065 530 4122 Siebelisius
548 4065 699 4136 scriptione
717 4065 883 4120 scholastice
900 4065 1034 4120 Budissee
1058 4084 1082 4121 a.
1103 4071 1167 4120 1819
1186 4065 1275 4132 edita,
1295 4067 1392 4136 paucis
1408 4068 1488 4121 annis

325 4153 389 4220 poet
411 4149 575 4206 Nicolaus
598 4149 734 4205 Senlius
746 4149 810 4204 diss,
824 4150 919 4220 inaug.
931 4151 1044 4206 Bonnae
1061 4167 1086 4206 o.
1099 4155 1163 4205 1831
1182 4150 1270 4217 edito,
1287 4167 1370 4219 quem
1387 4150 1487 4206 deinde

325 4236 434 4306 excepit
450 4236 623 4306 Augustus
640 4233 827 4290 Meinekius
850 4234 1098 4302 commentatione,
1121 4252 1193 4303 quae
1211 4235 1352 4290 Analectis
1370 4236 1488 4291 Alexan-

326 4321 412 4378 drinis
429 4320 551 4377 Berolini
568 4337 593 4375 a.
613 4326 677 4375 1843
696 4318 778 4375 editis
795 4320 901 4374 inserte
919 4321 970 4374 est,
