3340 5164
750 407 792 477 29

190 609 295 682 postea
323 609 391 662 ante
421 602 523 663 oculos
553 601 651 663 esset?
688 602 751 664 lloo
779 606 859 664 enirn
889 603 1042 664 evidenter
1069 602 1226 665 admodum
1255 622 1290 666 ex
1319 621 1355 667 eo

191 704 302 772 elucet,
327 703 404 780 quod
427 703 452 766 Α
474 700 537 766 553
559 713 684 784 uterque
711 714 835 786 propter
856 706 997 784 digammi
1019 707 1207 766 inscientiam
1230 709 1261 767 in
1284 725 1354 767 ean·

190 805 257 866 dem
274 806 377 866 lalsam
402 806 520 866 lonicae
536 808 702 884 scripturae
725 808 1004 886 interpretationem
1026 807 1213 877 inciderunt,
1237 809 1273 868 de
1296 826 1355 900 qup

188 907 253 967 loco
287 907 366 967 inira
400 907 524 967 uberius
557 926 748 987 exponemus,
803 908 987 970 Documento
1027 917 1096 969 sunt
1128 909 1203 969 aliae
1236 928 1354 989 quoque

187 1008 331 1068 lectiones
353 1007 521 1078 Rhianeae,
551 1027 627 1089 quae
650 1010 815 1089 quomodo
839 1018 927 1069 natae
949 1013 1026 1079 sint,
1050 1011 1291 1071 commodissime
1312 1013 1353 1071 ita

187 1109 383 1189 explicamus,
425 1117 456 1170 ut
489 1117 624 1170 veterum
661 1110 874 1171 elementorum
908 1111 1030 1180 ductus,
1065 1113 1193 1192 scriptos
1227 1112 1353 1172 fortasse

186 1203 286 1271 minus
308 1211 447 1271 distincte
470 1220 521 1273 aut
542 1214 687 1290 temporis
717 1211 844 1272 decursu
872 1211 969 1272 laesos
996 1214 1108 1273 variam
1130 1213 1351 1291 interpretatio-

186 1330 254 1373 nem
283 1311 440 1374 admisisse
469 1321 641 1373 statuamus
677 1313 753 1373 Tres
775 1332 810 1374 ex
834 1313 889 1373 hac
912 1313 1046 1374 editione
1068 1313 1211 1375 lectiones
1234 1313 1353 1375 videtur

186 1415 369 1493 suscepisse,
393 1431 469 1492 quae
492 1416 628 1492 proximo
650 1417 746 1494 capite
769 1414 986 1476 tractabuntur.

269 1511 298 1575 3.
331 1514 473 1595 Sequitur
496 1513 589 1575 editio
612 1516 841 1586 Antimachi,
864 1524 971 1597 poetae
994 1517 1186 1597 Colophonii,
1209 1519 1261 1596 qui
1284 1516 1349 1576 Pla·

185 1619 264 1677 tonis
287 1617 419 1696 aequalis
440 1616 506 1696 plus
529 1623 647 1677 centum
671 1619 758 1678 annis
781 1623 849 1679 ante
864 1616 1012 1680 Rhianum
1036 1627 1114 1687 erat;
1138 1638 1174 1680 ox
1197 1637 1230 1680 ea
1254 1617 1352 1678 hausit

269 1816 300 1879 4.
331 1819 443 1880 Chiae
466 1819 607 1879 editionis
630 1820 792 1900 exemplari
821 1839 891 1882 usus
918 1829 978 1891 est,
1007 1840 1074 1882 cum
1097 1820 1188 1881 semel
1218 1817 1349 1899 (Υ188)

184 1922 260 1982 hanc
283 1928 417 1982 secutum
441 1937 506 1980 esse
528 1938 597 1981 eum
620 1923 817 2001 reperiamus.

267 2020 298 2084 5.
341 2022 619 2083 Massiliensem
652 2023 831 2094 editionem,
866 2043 901 2084 ex
930 2043 987 2104 qua
1015 2023 1164 2084 Rhianum
1190 2024 1349 2085 lectionem

183 2120 270 2188 Α97
299 2123 520 2204 deprompsisse
548 2125 607 2183 iam
636 2142 725 2204 supra
754 2133 1019 2186 commemoratum
1047 2133 1106 2194 est,
1136 2127 1226 2186 etiam
1254 2123 1287 2187 Π
1308 2119 1350 2185 59

183 2227 294 2286 ceteris
316 2226 495 2305 anteposuit.

267 2323 298 2387 6.
328 2326 382 2387 llis
405 2327 532 2388 iortasse
555 2325 738 2406 subiungere
760 2328 830 2389 licet
852 2328 987 2389 urbicam
1009 2327 1173 2389 editionem
1197 2327 1348 2388 Creten·
1430 2354 1437 2367 ·

184 2447 259 2490 sem
284 2426 349 2506 (cir.
373 2429 413 2490 La
436 2427 568 2488 Rochius
583 2426 705 2488 Textlr.
728 2449 757 2508 p.
773 2425 841 2510 2lllz
865 2449 932 2490 nam
955 2447 1023 2489 cum
1045 2429 1105 2490 illis
1127 2431 1187 2489 iam
1204 2429 1348 2506 tempori·

183 2528 239 2590 hus
261 2531 377 2608 rigente
405 2529 527 2589 libraria
557 2528 683 2608 quadam
712 2537 879 2590 mercatura
908 2530 986 2591 haud
1015 2529 1105 2591 dubie
1135 2529 1348 2607 exemplarium

182 2633 267 2710 copia
291 2638 369 2691 esset
391 2630 468 2710 apud
492 2631 655 2691 litteratum
678 2649 825 2711 quemque
856 2631 934 2711 (vide
956 2631 1094 2692 Wollium
1116 2631 1192 2711 prol.
1214 2650 1245 2710 p.
1264 2625 1346 2707 169),

182 2750 237 2792 eur
265 2751 324 2792 non
353 2740 493 2812 putemus
526 2731 694 2810 possedisse
722 2730 885 2801 Rhianum,
920 2739 953 2792 ut
985 2732 1136 2792 hominem
1164 2731 1345 2796 Cretensem.

181 2833 261 2894 illius
284 2833 425 2894 editionis
448 2832 617 2912 exemplari
655 2831 713 2893 Sed
742 2852 809 2894 cum
839 2852 903 2894 eam
933 2833 1013 2894 nullo
1042 2833 1106 2893 loco
1135 2840 1255 2893 secutus
1282 2849 1347 2892 esse

182 2934 334 3004 videatur,
358 2934 432 2994 nihil
455 2936 561 2994 attinet
583 2934 640 2995 hoc
663 2937 819 3015 suspicari.
888 2941 892 2950 '

265 3035 345 3097 llaec
367 3038 431 3096 lere
455 3043 537 3105 sunt,
567 3055 642 3116 quse
670 3036 707 3096 de
730 3037 829 3097 critici
852 3039 944 3097 nostri
969 3035 1112 3096 subsidiis
1134 3035 1286 3096 doctrinae
1311 3053 1345 3096 ex

182 3137 305 3198 scholiis
329 3155 434 3198 eruere
457 3139 616 3218 possimus.
658 3137 798 3198 Fortasse
821 3137 908 3198 licuit
930 3139 959 3197 ei
975 3139 1063 3197 etiam
1080 3136 1136 3197 alia
1160 3135 1252 3210 adire,
1277 3154 1344 3196 cum

181 3238 362 3300 bibliotheca
385 3239 584 3300 Alexandrina
606 3238 774 3299 Homericis
797 3259 812 3300 a
835 3240 1039 3316 grammaticis
1061 3238 1112 3300 illo
1134 3245 1270 3317 tempore
1293 3238 1344 3297 ad·

181 3342 345 3402 ministrata
368 3338 581 3421 proculdubio
604 3342 643 3400 iis
658 3342 793 3420 scriptis,
817 3357 893 3420 quae
909 3340 945 3400 ad
961 3340 1123 3401 Homerum
1144 3342 1343 3419 pertinerent,

182 3443 413 3503 instructissima
442 3448 536 3512 essot;
565 3442 616 3502 sed
646 3441 723 3502 ultra
750 3440 824 3502 haec
852 3442 1013 3502 divinando
1041 3441 1204 3522 procedere
1232 3445 1262 3500 in
1289 3441 1344 3500 hac

181 3551 313 3604 veterum
337 3545 576 3604 testimoniorum
598 3546 724 3623 penuria
746 3542 948 3623 periculosum
971 3550 1026 3603 est.

661 3779 863 3794 ..μ-...-

264 4151 445 4214 Accedamus
468 4170 546 4212 nuno
570 4151 605 4213 ad
634 4159 723 4231 caput
750 4153 957 4229 gravissimum
986 4158 1016 4211 et
1042 4153 1074 4211 in
1102 4168 1162 4230 quo
1189 4148 1342 4210 uberrima

178 4253 266 4314 nobis
295 4256 335 4314 sit
357 4253 527 4332 disputandi
555 4255 694 4314 materia:
724 4271 792 4313 nam
819 4272 878 4330 quo
906 4255 1020 4314 rectius
1047 4250 1252 4328 intellegatur,
1284 4270 1341 4330 qua

178 4357 293 4414 ratione
327 4355 461 4415 Rhianns
493 4355 541 4415 his
576 4356 607 4413 in
642 4355 850 4414 instrumentis
883 4357 998 4414 criticis
1026 4352 1203 4413 adhibendis
1236 4356 1341 4430 egerit,
