3340 5164
877 324 919 388 60

825 413 975 422 ...ὴ-

321 515 459 595 llesychii
477 515 602 592 glossam
619 510 779 579 ὀεεᾶεθαι·
803 511 1043 593 κληδονίεαεθαι
1059 522 1139 574 recte
1155 533 1294 574 revocare
1318 514 1375 574 sihi
1400 518 1482 576 visos

318 623 372 677 est.
418 617 454 676 Et
476 616 609 696 prolecto
625 614 863 694 κληδονίεατθαι
886 614 958 677 illud
982 618 1101 693 egregie
1117 617 1255 692 congruit
1277 635 1343 677 cum
1361 617 1480 696 Didymi

318 720 581 798 interpretatione,
605 718 656 778 sed
679 720 789 778 trustra
814 736 955 797 quaeras,
984 719 1035 796 qui
1059 718 1123 777 lieri
1146 719 1254 795 possit,
1283 725 1316 779 ut
1344 714 1481 782 ὄεεαντο

317 819 479 880 descendat
509 819 546 880 ah
575 816 730 882 ὀετᾶεθαι.
775 819 855 880 Nihil
883 818 977 887 aliud,
1007 819 1033 878 si
1061 817 1132 898 quid
1159 816 1258 888 video,
1287 818 1480 896 relinquitur,

317 940 406 1002 quam
435 929 467 982 ut
494 927 607 982 mutato
636 928 761 982 accentu
796 921 873 1001 apud
896 920 1076 1000 Hesychium
1107 915 1252 983 ὄεεατθαι
1279 921 1480 1000 corrigamus:

318 1032 381 1084 tum
403 1024 539 1084 Rhianus
556 1041 664 1082 novum
687 1021 812 1083 verbum
834 1018 965 1099 ὄτεαμαι
987 1021 1140 1098 procudit,
1164 1023 1249 1082 cuius
1271 1023 1480 1102 imperfectum

316 1126 482 1203 legitimum
505 1132 551 1184 cst
572 1120 718 1187 ὄτεαντο.
763 1123 947 1204 Quamquam
972 1125 996 1183 si
1026 1123 1162 1183 nolumus
1190 1123 1330 1204 Hesychii
1352 1124 1481 1202 glossam

317 1233 447 1296 mutare,
481 1234 514 1286 ut
539 1226 681 1286 Porsonis
708 1227 912 1286 coniecturam
945 1227 1142 1294 retineamus,
1177 1226 1267 1285 etiam
1295 1224 1350 1286 alia
1377 1244 1481 1286 emen·

317 1328 405 1389 dandi
429 1331 475 1389 via
498 1336 595 1408 patet:
619 1327 689 1389 dom
711 1326 799 1388 modo
822 1328 902 1386 enim
925 1322 1071 1389 ὀεεᾶεθαν
1093 1325 1130 1386 ah
1146 1326 1293 1407 Hesychio
1315 1333 1397 1387 recte
1419 1335 1481 1388 tra·

318 1430 412 1491 ditum
436 1425 533 1508 sit⁴³),
557 1436 654 1508 potest
676 1446 731 1506 pro
746 1425 858 1491 ἔεεατο
875 1429 1044 1508 imperfecti
1061 1426 1221 1504 singularis
1235 1423 1351 1491 ὀτεᾶτο
1373 1432 1481 1508 reponi

318 1549 406 1592 sensu
429 1533 562 1608 passivo,
587 1537 619 1590 ut
641 1527 777 1606 ὄλεθροε
806 1528 935 1590 subiecti
958 1529 1054 1589 locum
1077 1535 1187 1590 teneat.
1218 1528 1276 1590 Sed
1299 1547 1366 1589 cum
1388 1532 1482 1590 tantis

318 1633 388 1694 huie
410 1635 454 1692 rei
479 1631 612 1692 tenebris
636 1631 739 1691 otiosis
761 1649 863 1691 verum
894 1630 1043 1709 dispicere
1072 1648 1129 1690 non
1154 1629 1256 1700 liceat,
1286 1632 1317 1690 in
1340 1631 1482 1708 ambiguo

318 1754 383 1796 eam
406 1734 576 1815 relinquere
600 1733 765 1794 consultius
781 1731 921 1793 arbitror.

266 1829 311 1894 24
403 1832 515 1915 β241.
546 1836 579 1895 ln
596 1835 698 1895 eadem
715 1833 851 1894 contione
868 1840 1025 1913 postquam
1042 1833 1340 1913 llalitherscsprocis
1357 1836 1481 1895 exitium

318 1945 478 2015 auguratus
489 1946 518 1997 et
531 1937 701 1996 ithacenses
718 1935 892 1996 adhortatus
907 1943 961 2005 est,
978 1941 1011 1994 ut
1024 1953 1084 2014 quo
1098 1935 1186 1995 modo
1198 1952 1358 2015 procorum
1375 1953 1482 2015 super·

318 2038 396 2099 biam
420 2045 579 2100 coerceant
601 2035 782 2106 deliberent,
806 2042 959 2115 postremo
981 2038 1071 2095 etism
1087 2036 1217 2106 Mentor,
1241 2036 1334 2098 Vlixis
1356 2039 1481 2106 amicos,

317 2142 507 2202 contionatur
530 2145 561 2200 et
589 2137 731 2217 gravibus
759 2137 860 2199 verbis
882 2139 963 2197 cives
984 2137 1192 2217 reprehendit,
1222 2137 1299 2216 quod
1322 2139 1410 2198 otiosi
1433 2157 1481 2197 se-

318 2242 421 2311 deant,
445 2259 501 2302 nec
525 2242 685 2319 quicquam
708 2248 811 2316 agant,
836 2245 869 2299 ut
890 2257 1005 2318 paucos
1027 2256 1134 2317 procos
1156 2246 1359 2315 compescant:

359 2339 422 2403 239
443 2342 504 2405 νύν
527 2339 560 2403 δ’
582 2336 671 2421 ἄλλῳ
694 2338 784 2422 δήμῳ
806 2336 1020 2418 νεμεείζομαι,
1043 2336 1116 2403 οἷον
1138 2336 1278 2402 ἅπαντεε

443 2439 515 2519 ἧεθ’
538 2438 635 2523 ἄνεῳ,
658 2439 737 2518 ἀτὰρ
761 2438 801 2503 ού
824 2460 853 2504 τι
875 2438 1110 2519 καθαπτόμενοι
1132 2439 1272 2504 ἐπέετειν

443 2541 589 2620 παύροντ
604 2544 782 2621 μνηετῆραε
803 2540 1042 2619 κατερύκετε
1064 2542 1182 2607 πολλοὶ
1204 2540 1321 2607 ἑόντεε.

317 2646 371 2708 Coi
393 2647 494 2706 statim
516 2645 679 2722 respondet
699 2644 871 2705 Leoeritus:

358 2743 421 2808 243
444 2745 573 2823 Μέντορ
596 2742 768 2826 ἀταρτηρέ,
791 2743 914 2825 φρένατ
936 2743 1026 2826 ἠλεέ,
1048 2747 1147 2809 ποῖον
1170 2744 1290 2826 ἔειπες,

443 2846 541 2927 ἡμέαε
562 2843 711 2923 ὀτρύνων
733 2844 1021 2924 καταπαυέμεν.

318 2950 368 3010 Sic
395 2949 468 3010 olim
496 2949 645 3026 volgatum
668 2957 732 3009 erat
755 2947 939 3009 editionibus
967 2948 1106 3009 omnihus
1134 2957 1164 3009 et
1191 2949 1278 3010 hodie
1306 2968 1424 3029 quoque
1447 2953 1480 3010 iu

317 3049 481 3120 nonnullis,
504 3057 538 3111 ot
559 3052 590 3110 in
614 3050 819 3119 Dindorsrana,
843 3048 967 3127 legitur,
990 3068 1168 3130 quamquam
1185 3052 1390 3114 emendatione
1414 3072 1479 3112 ocr-

316 3154 429 3212 tissima
452 3154 512 3212 iam
535 3152 652 3231 pridem
675 3151 755 3211 hone
776 3169 894 3212 versum
917 3151 1025 3213 Rhiani
1055 3155 1267 3232 perspicacitas
1296 3152 1332 3214 ad
1354 3155 1479 3232 integri·

316 3259 405 3314 tatem
429 3252 563 3312 reduxit:
586 3255 613 3311 is
641 3253 721 3312 enim
742 3250 941 3316 καταπαύετε
964 3271 1018 3332 pro
1040 3251 1225 3330 κατερύκετε
1249 3273 1275 3314 ν.
1298 3251 1359 3315 241
1383 3259 1478 3336 scrip·

315 3355 353 3415 sit
381 3353 547 3422 verissime,
577 3353 607 3413 id
641 3352 720 3433 quod
748 3354 861 3431 fugisse
895 3363 955 3414 tam
984 3354 1033 3415 diu
1067 3354 1204 3415 homines
1230 3356 1331 3417 doctos
1364 3375 1399 3416 eo
1427 3376 1478 3418 ex·

315 3462 449 3525 cusator,
478 3453 557 3534 quod
587 3456 618 3515 in
641 3453 795 3514 codicibus
817 3454 998 3516 scholiorum
1028 3473 1062 3516 ea
1084 3457 1180 3517 lorma
1207 3459 1236 3517 in
1267 3456 1317 3522 καὶ
1344 3454 1478 3520 παύεται

315 3557 474 3637 depravata
497 3564 528 3617 et
549 3563 641 3617 totum
665 3555 798 3618 scholion
829 3574 968 3634 perverse
998 3556 1034 3616 ad
1056 3555 1276 3636 καταπαυέμεν
1307 3561 1340 3618 in
1366 3577 1391 3617 ν.
1415 3555 1478 3619 244

315 3656 440 3717 relatum
463 3665 537 3718 erat.
582 3658 642 3718 Hac
665 3657 784 3721 demum
807 3665 903 3719 aetate
926 3657 1038 3718 detexit
1060 3675 1193 3719 errorem
1217 3659 1300 3720 lmm.
1324 3659 1478 3721 Behlrerus

315 3765 345 3818 et
372 3757 505 3817 scholion
532 3760 686 3836 ingeniose
714 3761 745 3818 in
773 3758 853 3819 hune
881 3759 1000 3819 modom
1027 3758 1172 3820 restituit:
1209 3756 1282 3820 241.
1311 3759 1477 3837 κατερύ-

220 3914 225 3922 .
315 3875 415 3922 κετε·
437 3854 564 3924 Ῥιανὸς
584 3857 702 3937 γράφει
724 3856 979 3923 καταπαύετε.
1008 3859 1060 3922 καὶ
1082 3856 1182 3934 λόγον
1205 3857 1271 3938 ἔχει
1293 3859 1405 3924 διὰτὸ
1427 3859 1478 3923 καὶ

381 4111 425 4174 42)
443 4106 484 4162 De
502 4106 667 4161 hortamen
685 4125 715 4163 re
733 4125 807 4162 nunc
825 4107 1010 4162 dubitandum
1027 4108 1150 4174 videtur,
1170 4126 1232 4163 cum
1250 4109 1287 4163 M.
1306 4108 1474 4164 Schmidhius

313 4192 343 4246 iu
361 4192 426 4248 edit.
444 4189 575 4261 Hesychii
593 4191 728 4246 abiecerit
740 4195 867 4248 ὸεεᾱεθαι
885 4194 914 4247 el
925 4191 1072 4260 receperit:
1092 4195 1238 4249 ύττύνεθαι·
1257 4195 1476 4263 κλῃδονίεαεθαι.

315 4292 377 4332 cum
395 4275 489 4332 adnot.
508 4275 560 4332 ‘sic
578 4275 664 4333 codex
682 4278 711 4332 et
728 4276 858 4345 Vossius,
876 4279 1004 4333 ὸττᾱτθατ
1021 4276 1103 4332 Mus’
