3340 5164
747 426 785 491 51

187 615 237 680 xci
260 614 490 695 Ἀριςτοφάνης
513 613 782 695 αἰθρηγενεής
812 619 975 701 λέγουςιν,
1003 622 1081 701 quod
1111 624 1140 683 in
1164 624 1248 684 codd.
1266 625 1291 685 Η
1299 623 1351 697 PQ

187 722 287 780 versui
304 715 368 780 394
390 716 464 780 ialso
486 721 647 796 ascriptum
667 719 834 782 Dindorhus
857 737 911 781 suo
933 723 998 783 loco
1014 727 1174 785 restituere
1197 725 1350 805 omisit.³⁷)

187 821 351 882 Memorem
374 823 496 901 dignum
520 829 565 882 est
580 819 662 887 ἅπαξ
685 820 853 900 εἰρημένον
869 843 934 884 esse
952 825 982 884 id
998 844 1122 896 nomen,
1139 830 1170 888 in
1186 847 1246 908 quo
1261 830 1350 891 Rhia-

187 941 244 982 nus
271 924 417 994 haeserit,
446 941 512 983 narn
542 921 568 984 0
593 921 646 984 17]
682 931 711 984 et
738 921 847 986 1358
875 925 1006 1006 legimus
1034 924 1098 991 ὑπὸ
1127 926 1219 1007 ῥιπῆς
1247 929 1352 1009 αἰθρη-

186 1022 327 1099 γενέος
351 1022 474 1100 Βορέαο
501 1027 633 1105 itemque
662 1025 739 1104 apud
768 1025 863 1104 Apotl.
887 1025 981 1087 Rhod.
1005 1025 1127 1090 1v765
1153 1027 1284 1109 ἀνέμοις
1306 1031 1352 1095 αἰ-

187 1125 412 1202 θρηγενέεςςιν.
443 1127 535 1188 Cuius
557 1127 694 1187 adiectiri
724 1130 922 1187 nominativus
945 1125 1132 1206 αἰθρηγενής
1161 1151 1229 1194 cum
1251 1138 1350 1209 versui

187 1227 360 1288 hexametro
394 1229 506 1289 includi
539 1247 599 1288 non
626 1236 741 1308 posset,
777 1229 936 1298 Homerus,
971 1238 1004 1289 ut
1026 1240 1121 1293 metro
1155 1237 1349 1306 satisfaceret,

188 1330 362 1390 auxiliarem
391 1349 481 1410 quam
508 1339 613 1391 vocant
634 1333 759 1391 sormam
783 1329 1007 1409 αἰθρηγενέτης
1028 1335 1127 1404 tinxit,
1157 1355 1245 1414 quam
1261 1338 1350 1400 Rhia-

187 1449 244 1491 nus
272 1439 303 1491 et
330 1433 544 1511 Aristophanes
570 1432 646 1492 hanc
674 1431 712 1492 ob
742 1451 859 1493 causam
888 1433 1072 1495 damnavisse
1101 1436 1253 1508 videntur,
1282 1443 1352 1518 quia

188 1531 244 1591 hoc
267 1551 374 1593 nomen
398 1552 486 1594 sensu
509 1535 628 1613 passivo
650 1533 820 1614 praeditum
849 1552 912 1595 esse
945 1535 1102 1613 negabant.
1141 1537 1246 1599 Omnia
1269 1543 1349 1600 enim

187 1637 306 1694 nomina
329 1637 360 1695 in
383 1634 470 1712 -έτης
492 1637 645 1704 exeuntia,
669 1653 744 1714 quae
768 1635 844 1713 apud
867 1635 1026 1696 Homerum
1050 1640 1252 1710 inveniuntur,
1276 1639 1350 1703 αἰει-

186 1734 331 1812 γενέτης,
365 1734 603 1813 αἰθρηγενέτης,
642 1735 825 1817 αἰναρέτης,
864 1735 1105 1816 ἑκατηβελέτης,
1139 1737 1349 1822 έριβρεμέτης,

186 1834 415 1914 ὑψιβρεμέτης,
439 1823 624 1916 εὐμενέτης,
647 1835 765 1917 ἱκέτης,
795 1836 937 1918 μητιέτα,
960 1839 1214 1922 νεφεληγερέτα,
1243 1861 1349 1920 ςτερο-

186 1936 355 2016 πηγερέτα,
371 1937 569 2015 περιναιέτης
586 1939 650 2018 (cir.
665 1940 748 1999 dem.
765 1939 959 1998 Woerneri
977 1940 1065 2000 index
1081 1941 1173 2002 subst.
1192 1943 1276 2006 Hom.
1292 1953 1348 2006 cet.

187 2042 217 2099 in
254 2057 355 2118 progr.
378 2039 482 2100 Misen.
512 2058 537 2100 a.
563 2036 644 2100 1869
671 2059 699 2119 p.
723 2035 774 2118 21)
811 2042 996 2100 actionem
1031 2041 1198 2119 significa'nt
1230 2055 1350 2125 praeter

186 2139 408 2218 αἰθρηγενέτης
431 2150 461 2202 et
484 2138 689 2222 aberraverat,
717 2141 805 2221 idque
834 2144 897 2202 sine
926 2141 1016 2201 dubio
1038 2145 1069 2203 in
1092 2162 1179 2205 causa
1202 2148 1272 2217 init,
1296 2167 1350 2208 cur

185 2243 265 2303 inter
287 2250 405 2303 veteres
433 2239 688 2323 grammaticos³⁸)
723 2251 822 2304 esseut
854 2245 904 2323 qui
933 2240 1156 2321 αἰθρηγενέτης
1184 2267 1242 2307 non
1270 2268 1348 2319 exim,

121 2329 127 2337 ’
186 2346 238 2423 qui
261 2347 292 2404 ia
323 2349 397 2404 ae're
415 2348 535 2419 penitas
562 2353 655 2413 esset,
690 2343 742 2404 sed
776 2346 829 2423 qui
855 2345 958 2419 frique
984 2355 1203 2420 propeoeroret
1226 2356 1276 2409 aut
1298 2353 1348 2428 qni

184 2453 340 2507 serenaret
359 2450 475 2507 caelum
497 2447 653 2524 designare
676 2445 901 2507 contenderent.
932 2445 1064 2517 Quorum
1088 2450 1264 2510 sententiam
1287 2470 1348 2510 anr-

184 2548 290 2628 piexus
312 2537 445 2609 Rhianus
467 2549 523 2609 hoc
546 2549 722 2610 adiectivum
752 2550 872 2617 reiecit,
904 2566 970 2608 cum
997 2565 1103 2629 parum
1131 2558 1199 2629 apte
1222 2551 1348 2612 Boream

185 2647 212 2712 0
236 2647 295 2711 171
320 2657 350 2710 et
370 2649 396 2712 Τ
417 2648 479 2711 358
501 2652 532 2712 in
556 2657 624 2711 aere
655 2651 788 2728 genitum
817 2650 1003 2729 eundemque
1026 2667 1041 2711 ε
1063 2646 1126 2711 296
1154 2653 1287 2732 epitheto
1310 2656 1348 2714 si·

185 2752 310 2812 miiiimo
332 2754 428 2830 frigus
449 2755 573 2830 gignere
596 2752 655 2812 dici
672 2750 881 2812 arbitraretur.
905 2750 966 2811 Hac
982 2752 1102 2830 quidem
1119 2755 1234 2813 ratione
1258 2757 1347 2814 etiam

185 2851 393 2933 αἰειγενέτηε,
417 2853 452 2914 de
475 2871 534 2933 quo
550 2854 672 2913 deorum
689 2853 822 2932 epitheto
844 2870 870 2911 ν.
887 2851 1011 2912 dmeisii
1028 2853 1155 2931 append.
1180 2854 1215 2914 ad
1232 2875 1258 2916 ω
1273 2853 1346 2925 373,

185 2962 302 3016 mutare
331 2954 473 3025 debebat,
503 2956 615 3035 quippe
643 2953 721 3034 quod
751 2954 787 3013 ab
816 2956 909 3014 activa
939 2955 1152 3031 significatione
1180 2955 1267 3034 plane
1296 2957 1348 3016 ab·

184 3057 332 3117 horreret.
376 3059 414 3117 At
442 3056 539 3117 obstat
561 3063 700 3116 constans
733 3057 931 3136 posteriorum
965 3056 1145 3133 scriptorum
1180 3075 1265 3126 usus,
1299 3060 1349 3138 qrri

185 3177 245 3218 non
261 3158 348 3219 modo
363 3154 588 3235 αἰθρηγενέτης
603 3158 763 3218 Homerico
779 3175 862 3217 more
878 3163 1111 3234 usurpaverunt,
1128 3164 1160 3216 ut
1176 3157 1349 3220 Eustathius

185 3261 221 3320 de
237 3261 340 3340 Hysm.
356 3279 386 3339 p.
397 3255 457 3321 172
474 3259 533 3339 (αθ.
551 3257 710 3337 herchem:
727 3255 779 3320 διὰ
793 3256 855 3334 γάρ
870 3276 920 3320 τοι
936 3259 1126 3334 παρθενικῆς
1141 3255 1348 3338 ἁπαλόχροος

185 3358 225 3426 οὐ
247 3360 369 3439 οιάηςιν
391 3358 614 3437 αἰθρηγενέτης
636 3361 770 3440 βορρᾶς,
793 3360 950 3420 sedetiam
974 3359 1099 3438 simplex
1113 3359 1243 3436 γενέτης
1260 3381 1347 3422 sensu

184 3467 301 3544 passivo
324 3465 424 3524 dicere
448 3471 477 3523 et
500 3464 662 3542 composita
679 3463 798 3523 nomina
822 3461 878 3521 aha
893 3462 1004 3538 tingere
1020 3461 1098 3521 lraud
1122 3461 1347 3530 dubitaverunt;

185 3567 240 3627 cir.
269 3583 344 3645 quae
373 3563 539 3626 Meinekius
561 3564 644 3625 Anat.
668 3563 748 3624 Alex.
773 3582 802 3642 p.
826 3558 868 3623 86
890 3565 1058 3641 composuit
1081 3563 1231 3640 exempla:
1256 3563 1346 3643 Soph.

252 3785 296 3849 37)
315 3781 468 3835 decentum
485 3779 642 3833 Dindorfius
665 3779 740 3832 recte
764 3776 916 3842 constituit3
944 3777 1028 3830 antea
1050 3776 1128 3846 apud
1146 3776 1347 3833 Buttmannum

184 3865 333 3936 legebatur
351 3866 547 3934 αἰθρηγενέης,
566 3863 642 3932 quod
660 3879 708 3916 cur
725 3863 766 3916 La
782 3861 903 3915 Rochius
924 3860 953 3914 in
971 3860 1066 3915 adnot.
1084 3861 1128 3916 ad.
1147 3862 1174 3916 h.
1193 3863 1210 3915 l.
1228 3863 1347 3918 retinue-

184 3952 221 4005 rit
238 3950 340 4010 nescio,

253 4040 297 4102 38)
316 4034 478 4088 Eustathius
496 4039 575 4099 1638,
596 4038 629 4086 34
652 4048 682 4086 re
699 4031 729 4084 in
751 4030 884 4098 ambiguo
912 4030 1009 4084 relicta
1026 4031 1093 4084 satis
1117 4029 1203 4084 habet
1227 4030 1348 4086 diversas

184 4119 432 4190 interpretationes
455 4132 699 4172 commemorasse:
727 4116 927 4184 αἰθρηγενέτης
951 4116 1055 4183 Βορέας
1082 4117 1098 4169 ὁ
1121 4116 1234 4182 αἶθρον,
1259 4117 1274 4169 ὅ
1293 4117 1348 4169 ἐςτι

184 4211 287 4273 ψῦχος,
306 4206 434 4270 ποιῶνῆ
459 4203 612 4270 όαίθρίας,
636 4204 652 4256 ὅ
671 4203 745 4257 ἐςτιν
768 4202 873 4267 εὐδίας,
896 4202 984 4254 αἴτιος
1007 4203 1024 4267 ἢ
1048 4202 1064 4253 ὁ
1087 4201 1115 4254 ἐξ
1138 4200 1248 4266 αἰθέρος
1269 4201 1348 4264 γενό-

185 4307 283 4358 μενος,
303 4291 318 4344 ὅ
336 4291 410 4344 ἐςτιν
427 4289 537 4354 ὑψόθεν
555 4289 661 4342 πνέων.
678 4285 827 4354 Heynius
845 4285 881 4338 ad
900 4285 930 4337 ii.
950 4285 972 4337 0
993 4289 1038 4336 171
1058 4283 1260 4350 αἰθρηγενέτης
1279 4283 1349 4336 dixit

183 4392 244 4430 esse
263 4391 326 4428 eum
345 4372 404 4442 ‘qui
423 4373 621 4441 progeneraret
638 4369 743 4438 frigus!

1111 4457 1145 4504 4*
