3340 5164
764 364 804 427 87

197 605 201 614 .
292 549 402 616 c420.
447 553 663 631 Amphinomus
692 571 801 633 procos
829 553 1017 624 adhortatus,
1053 561 1085 616 ut
1112 562 1267 635 postquam
1294 556 1420 620 liba-44

206 656 318 724 verint,
352 655 472 715 domum
503 656 630 735 prolecti
664 654 858 725 decumbant,
892 656 1019 716 orationi
1052 658 1141 718 finem
1168 659 1284 738 inponit
1321 657 1369 720 his

207 755 320 817 verbis:

285 887 290 896 ·
331 855 390 921 τὸν
412 859 519 923 ξεῖνον
542 857 577 920 δὲ
598 855 703 936 ἐῶμεν
726 855 784 922 ἐνὶ
806 856 993 934 μεγάροις
1015 857 1202 937 Ὀδοεῆοε

331 957 506 1040 Τηλεμάχῳ
528 958 679 1038 μελέμεν·
701 961 759 1022 τοῦ
781 957 842 1035 γὰρ
866 957 964 1038 φίλον
984 957 1071 1022 ίκετο
1096 964 1193 1039 δῶμα.

205 1061 304 1122 Schol.
327 1059 453 1124 Ῥιανὸς
475 1060 511 1124 δὲ
533 1058 593 1123 ἐνὶ
607 1059 839 1138 μεγάροιειν
862 1058 1015 1138 ἕκηλον.
1040 1061 1076 1122 Η.
1100 1061 1260 1140 Aptissima
1277 1067 1366 1126 etiam

203 1161 276 1223 haec
299 1163 419 1242 quidem
440 1162 530 1224 lectio
553 1163 589 1223 ad
612 1181 748 1231 sensum,
772 1180 838 1222 cum
862 1161 1078 1242 Amphinomus
1105 1182 1132 1223 v.
1154 1159 1217 1224 416
1240 1165 1366 1226 dixerit:

203 1262 279 1340 μήτε
306 1283 335 1324 τι
362 1262 420 1326 τὸν
455 1265 562 1328 ξεῖνον
591 1261 791 1343 (τυφελίζετε
819 1261 894 1340 μήτε
916 1262 980 1326 τιν’
1012 1261 1114 1328 ἄλλον
1147 1264 1280 1341 δμώων,
1314 1267 1367 1326 sed

202 1366 274 1444 quid
295 1365 444 1426 Rhianum
460 1365 496 1426 ad
519 1365 595 1426 hanc
618 1367 810 1425 mutationem
826 1363 983 1442 inpulerit,
1008 1367 1038 1424 in
1064 1364 1192 1426 obscuro
1213 1373 1269 1428 est.
1293 1366 1366 1427 Nam

201 1475 260 1526 tam
284 1469 417 1545 ineptum
440 1485 508 1527 eum
530 1467 644 1544 fingere
666 1485 726 1526 non
750 1467 836 1536 licet,
860 1473 893 1527 ut
915 1467 1074 1527 offensioni
1098 1467 1126 1526 ei
1148 1467 1239 1528 luisse
1262 1469 1365 1547 opine·

203 1586 283 1636 mur,
307 1568 386 1647 quod
408 1569 500 1628 Vlixis
522 1567 627 1629 domus
650 1571 680 1628 in
705 1585 792 1628 versu
814 1569 981 1647 insequenti
1004 1567 1173 1628 Telemachi
1196 1587 1261 1629 esse
1285 1569 1365 1629 dice·

201 1678 300 1740 retur3
324 1688 419 1749 neque
442 1688 514 1729 vero
536 1669 612 1730 hanc
634 1670 862 1747 repugnantiam
885 1670 1074 1738 removisset,
1104 1687 1171 1729 cum
1194 1670 1273 1730 idem
1297 1672 1365 1731 Am·

200 1771 360 1851 phinomus
388 1773 420 1830 in
442 1771 545 1831 eadem
560 1770 616 1831 hac
639 1773 772 1831 oratione
795 1786 822 1831 v.
844 1766 906 1831 417
936 1768 1015 1832 κατὰ
1042 1768 1165 1848 δώματ’
1194 1768 1366 1847 Ὀδυεεῆοε

200 1871 300 1935 θείοιο
316 1872 412 1932 dicat.
459 1871 539 1942 Quae
563 1890 630 1932 cum
653 1874 694 1933 ita
722 1874 796 1941 sint,
824 1871 970 1932 iudicium
999 1871 1035 1932 de
1058 1870 1115 1930 hoc
1137 1889 1226 1932 versu
1248 1875 1279 1932 in
1301 1891 1365 1933 sus·

200 1991 292 2052 penso
321 1973 550 2053 relinquendum
579 1975 653 2042 erit,
685 1973 742 2033 disi
769 1980 901 2033 vetustae
929 1973 1070 2034 editionis
1097 1967 1268 2034 auctoritati
1296 1992 1364 2035 eum

199 2074 372 2135 obsecutum
395 2093 460 2136 esse
483 2082 613 2135 statuere
636 2073 791 2135 malumus

284 2196 302 2237 τ
327 2173 395 2236 113.
442 2175 609 2254 Penelopae
632 2175 831 2254 interroganti
855 2177 922 2254 quis
945 2175 983 2234 sit
998 2174 1163 2254 quibusque
1185 2174 1414 2254 parentibus45

198 2277 360 2347 oriundus,
384 2285 543 2357 antequam
565 2277 743 2354 respondet,
770 2277 867 2336 Vlixes
890 2277 1062 2337 felicitatem
1090 2279 1155 2337 eius
1183 2277 1223 2338 ita
1246 2277 1363 2354 praedi-

198 2386 260 2448 cat,
290 2385 323 2438 ut
357 2398 424 2438 cum
456 2397 527 2456 rege
551 2397 614 2438 earn
638 2387 807 2457 comparet,
843 2397 930 2456 quem
966 2378 1014 2437 dei
1046 2378 1139 2455 gloria
1164 2377 1363 2439 othonorum
1445 2427 1448 2434 .

198 2483 331 2540 omnium
354 2481 504 2541 allluentia
528 2483 752 2541 exornaverint:

754 2579 866 2661 φέρῃει
889 2580 924 2668 δὲ
945 2581 1021 2655 γαῑα
1043 2579 1175 2656 μέλαινα

323 2681 447 2760 ποροὺε
469 2682 521 2746 καὶ
542 2681 667 2761 κριθάε,
692 2680 810 2763 βρίθῇει
839 2680 874 2743 δὲ
897 2679 1032 2758 δένδρεα
1054 2679 1182 2763 κάρπιμ,

323 2781 418 2848 τίκτει
440 2782 474 2847 δ’
496 2782 644 2863 ἔμπεδα
666 2786 763 2861 μῆλα,
787 2780 926 2845 θάλαττα
948 2780 984 2845 δὲ
1005 2782 1129 2865 παρέχῃ
1152 2781 1239 2860 ἰχθῦε
1262 2794 1317 2845 cet.

196 2886 294 2950 Schol.
318 2883 443 2949 ‘Picvbc
466 2883 622 2949 ἄεπετα.
646 2885 681 2946 Η.
715 2885 812 2946 Etiam
842 2884 899 2944 hoc
926 2884 991 2945 loco
1018 2884 1106 2954 illud,
1137 2886 1216 2965 quod
1243 2887 1361 2947 Rhiano

180 2989 369 3066 ,scrupulum
397 2989 517 3058 iniecit,
548 3006 606 3047 non
634 2987 664 3046 id
695 2995 753 3056 est,
783 2987 819 3046 de
848 3004 907 3064 quo
934 2985 1021 3047 facile
1050 2987 1231 3066 interpretes
1258 3006 1361 3047 omnes

195 3091 274 3150 inter
297 3108 328 3149 se
351 3091 548 3150 consentiant.
585 3089 719 3148 Primum
741 3089 822 3148 eninr
844 3085 956 3164 ambigi
980 3095 1093 3164 potest,
1117 3088 1188 3167 quid
1211 3090 1243 3147 in
1267 3106 1359 3148 enun-
1413 3124 1415 3126 v

195 3193 268 3251 tiato
290 3189 384 3253 τίκτει
412 3189 445 3252 δ’
472 3187 592 3266 ἔμπεδα
622 3191 705 3267 μῆλα
734 3187 862 3249 subiecti
890 3191 954 3248 vice
983 3190 1133 3265 fungatur.
1177 3189 1359 3268 Interpretes

195 3292 315 3371 quidem
337 3292 472 3371 plerique
495 3292 569 3365 γαῖα
598 3293 686 3351 tacite
709 3289 892 3351 subaudiunt
915 3308 950 3348 ex
974 3289 1219 3350 antecedentibus
1241 3292 1358 3369 supple·
1471 3363 1475 3370 Ι

194 3403 273 3464 tum;
296 3394 390 3454 Maur.
415 3393 655 3453 Schmidtius
677 3391 794 3470 Didymi
817 3408 846 3467 p.
869 3387 933 3451 210
955 3392 1037 3468 μῆλα
1056 3409 1112 3469 pro
1134 3391 1279 3461 subiecto,
1303 3410 1358 3469 pro

194 3495 314 3555 obiecto
337 3493 458 3572 ἔμπεδα
485 3493 590 3554 haberi
618 3493 695 3562 vult,
725 3510 812 3572 quam
840 3494 1121 3570 interpretationem
1149 3495 1238 3552 etiam
1267 3493 1357 3552 Vsch·

193 3615 286 3657 nerus
308 3595 461 3673 amplexus
483 3605 542 3665 est,
567 3597 618 3674 qui
641 3597 745 3654 vertit:
769 3597 854 3654 ‘stets
876 3594 957 3653 vvirlt
972 3595 1067 3671 lunge
1091 3595 1143 3654 das
1158 3593 1254 3663 Vieh',
1278 3595 1356 3672 quod

192 3715 372 3777 quamquam
396 3718 413 3758 a
435 3699 550 3759 ratione
577 3695 767 3774 grammatica
796 3695 870 3755 nihil
904 3693 993 3755 habet
1021 3695 1100 3774 quod
1127 3695 1356 3773 vituperandum

192 3803 241 3870 sit,
262 3807 372 3868 tamen,
397 3817 466 3859 cum
488 3798 595 3858 melior
618 3805 648 3858 et
671 3799 768 3876 aptior
790 3797 926 3857 videatur
942 3814 1007 3856 esse
1023 3798 1171 3876 oppositio
1187 3797 1356 3870 intervolat

192 3908 222 3961 et
243 3898 382 3963 θάλαεεα
410 3901 503 3969 lacta,
532 3907 645 3960 terram
674 3897 812 3978 equidem
841 3897 1014 3976 intellegere
1042 3897 1153 3959 malim.
1198 3899 1292 3976 Atque
1315 3901 1356 3958 ita

192 4004 282 4063 edam
304 4002 437 4062 Rhianus
461 4003 589 4061 sensisse
612 4000 744 4069 videtur,
774 4018 842 4060 cum
865 3995 984 4061 ἄτπετα
1012 3998 1049 4060 ab
1073 4000 1156 4076 μῆλα
1179 3999 1257 4059 haud
1279 3998 1355 4059 bene

191 4105 325 4184 separari
348 4110 446 4183 queat.
491 4101 605 4162 Deinde
633 4119 703 4162 vero
731 4099 803 4181 quid
832 4099 891 4160 sibi
919 4100 981 4160 vult
1008 4096 1148 4177 ἔμπεδαί
1185 4099 1354 4170 Videamus,

192 4205 288 4286 qualis
310 4189 348 4266 sit
370 4223 443 4265 usus
458 4207 522 4265 eius
538 4203 675 4264 vocabuli
690 4203 883 4271 Homericus,
907 4220 996 4282 quem
1019 4204 1076 4262 iam
1100 4201 1355 4263 Doederlinus

191 4307 280 4386 gloss
304 4305 343 4365 lll
371 4297 400 4386 p.
423 4301 486 4367 252
514 4324 541 4366 n.
570 4301 656 4366 2340
685 4307 789 4385 paucis
822 4301 989 4364 illustravit.
1035 4303 1189 4387 Originem
1216 4302 1354 4367 vocabuli
