3340 5164
694 401 847 500 —35—

188 591 293 659 cessit;
318 589 447 669 denique
470 605 539 650 cum
562 593 620 651 iarn
637 592 800 664 Zenodoto,
824 596 876 673 qni
897 590 1077 671 έπιετομίαε
1091 595 1228 672 scripsit,
1253 593 1354 673 displi-

188 693 306 751 cuerint
335 689 531 770 ἑπεεβολίαι,
561 712 637 773 quae
667 714 683 755 a
706 695 865 756 scholiasta
892 694 1016 768 γελοῖαι
1044 695 1243 775 appellantur,
1274 694 1355 755 illius

190 793 368 853 auctoritate
393 801 423 853 et
446 793 580 873 exemplo
601 794 736 856 Rhianus
757 795 891 876 inpulsus
914 813 980 856 esse
996 796 1129 867 videtur,
1152 805 1185 857 ut
1206 799 1265 857 nisi
1289 815 1354 857 ver·

188 891 270 953 sihus
292 894 380 974 plane
403 896 530 955 resectis
551 898 606 957 toti
630 897 695 957 loco
723 896 879 958 medellam
908 896 1045 958 adhiberi
1073 916 1132 959 non
1160 915 1247 977 posse
1275 896 1353 958 arhi-

187 1000 326 1056 traretnr.
374 995 416 1056 De
440 999 539 1057 causis
561 1006 660 1059 autem
681 1000 756 1078 ipsis
778 1017 838 1061 non
861 1018 936 1078 opus
963 1007 1009 1060 est
1029 999 1166 1079 pluribus
1189 1000 1351 1080 disputare.

187 1114 253 1156 cum
277 1096 405 1158 lectores
428 1099 579 1160 remisisse
603 1101 730 1161 sufficiat
751 1101 789 1161 ad
811 1120 863 1171 ea,
887 1119 962 1178 quae
978 1100 1149 1163 Nitzschius
1172 1102 1192 1163 l.
1216 1102 1235 1162 l.
1259 1103 1353 1162 veris·

186 1199 270 1258 sime·
285 1201 410 1260 monuit.

270 1297 385 1362 (1279.
430 1302 463 1362 ln
485 1303 621 1382 longiore
649 1307 798 1375 oratione,
827 1324 886 1384 qua
908 1305 1040 1366 Minerva
1068 1304 1123 1366 suh
1145 1305 1261 1366 Mentae
1284 1298 1382 1384 per-3

185 1419 259 1462 sona
280 1402 492 1464 Telemachum
515 1405 703 1476 adhortatur,
733 1416 766 1466 ut
788 1407 824 1467 de
847 1409 943 1487 patris
964 1407 1066 1468 reditu
1088 1408 1270 1468 sciscitatum
1297 1405 1352 1486 Py-

186 1504 247 1565 lum
270 1505 467 1587 Spartamque
490 1509 548 1567 iter
570 1510 675 1579 iaciat,
699 1526 767 1568 curn
791 1509 847 1570 alia
870 1515 932 1570 turn
955 1509 1029 1570 haec
1052 1510 1175 1570 suadet:

337 1661 517 1736 μνηετῆραε
537 1659 595 1738 μὲν
618 1658 670 1723 ἐπὶ
693 1659 831 1739 αρέτερα
853 1659 1032 1726 <storacem
1054 1660 1193 1742 ἄνωχθι,

227 1755 291 1821 275
338 1759 458 1839 μητέρα
479 1759 529 1841 δ’,
551 1758 581 1823 εἴ
604 1759 634 1824 oi
656 1761 756 1839 θαμόε
778 1761 973 1845 ἐφορμᾶται,
994 1762 1177 1841 γαμέεεθαι·

338 1860 385 1938 ἂψ
408 1859 467 1925 ἴτω
489 1859 522 1925 dc
544 1861 685 1940 μέγαρον
700 1864 823 1941 πατρὸς
837 1865 917 1943 μέγα
939 1863 1149 1944 δυναμένοιο·

337 1959 426 2025 οἶδὲ
448 1962 552 2041 γάμον
575 1963 717 2030 τεύξουει
739 1965 790 2029 καὶ
812 1964 1020 2043 ἀρτυνέουειν
1043 1965 1139 2032 ἔεδνα

337 2063 446 2127 πολλὰ
467 2063 555 2146 μάλ’,
579 2063 656 2129 dcco
679 2065 765 2130 ἔοικε
786 2067 883 2145 φίλη(
906 2066 959 2130 ἐπὶ
980 2067 1096 2131 παιδὸς
1119 2066 1255 2131 ἕπεεθαι.

336 2165 385 2228 coi
407 2164 441 2229 δ’
462 2164 549 2248 αὐτῷ
571 2169 713 2232 πυκινῶς
734 2165 948 2250 ὑποθήεομαι,
972 2167 1005 2231 αἴ
1026 2188 1062 2232 κε
1083 2166 1199 2246 πίθηαι.

226 2263 291 2328 280
338 2266 394 2343 νῆ’
416 2265 513 2344 ἄρεα(
535 2266 676 2351 ἐρέτῃειν
699 2266 850 2352 ἐείκοειν,
870 2267 891 2346 ἥ
913 2289 961 2334 τι(
982 2268 1091 2349 ἀρίετη
1113 2280 1169 2333 cet

185 2419 283 2480 Schol.
308 2419 345 2480 ad
364 2416 443 2488 279:
474 2417 571 2484 οὗτος
594 2421 629 2484 δέ
652 2419 671 2484 ὁ
693 2420 797 2499 crixo:
825 2419 860 2487 έν
887 2427 925 2505 τῇ
953 2423 1034 2487 κατὰ
1061 2421 1190 2487 Ῥιανόν
1219 2419 1279 2485 οὐκ
1299 2420 1349 2500 ἦν.

182 2521 269 2582 ΗΜ.
299 2521 379 2582 Vnus
404 2525 530 2603 quisque
558 2543 618 2585 non
643 2524 811 2585 admonitus
833 2542 967 2586 errorem
990 2527 1022 2586 in
1045 2526 1092 2587 his
1114 2525 1262 2603 intellegit
1284 2543 1349 2586 esse

183 2633 212 2684 et
236 2641 337 2684 verum
359 2624 470 2686 vidisse
494 2625 704 2696 Cohetium,
727 2642 794 2687 curn
818 2627 987 2688 adnotaret:
1010 2627 1088 2689 ‘Non
1112 2627 1230 2688 videtur
1252 2629 1350 2687 omitti

181 2744 270 2805 posse
298 2726 346 2786 hic
367 2745 487 2790 ,versus
531 2727 670 2788 Fortasse
700 2729 794 2805 igitur
826 2728 892 2788 loco
919 2737 999 2789 mota
1028 2737 1074 2788 est
1100 2728 1209 2789 Rhiani
1236 2730 1349 2788 mentio

180 2827 412 2908 pertinebatque
435 2829 471 2888 ad
502 2848 526 2888 v.
548 2825 633 2891 283:
679 2828 753 2890 Nam
783 2828 940 2890 aberrasse
968 2830 1025 2890 hoc
1057 2828 1193 2890 scholion
1222 2848 1238 2889 a
1266 2836 1349 2888 recto

181 2930 263 3005 loco,
289 2947 325 2989 eo
348 2948 466 3011 quoque
489 2932 698 3000 confirmatur,
722 2931 801 3009 quod
818 2931 1015 2993 exliindorfli
1039 2932 1213 2991 testimonio
1235 2930 1266 2990 in
1281 2930 1347 2991 cod.

181 3031 209 3091 ll
235 3031 308 3092 haec
340 3032 431 3092 vcrha
464 3035 564 3093 versui
593 3034 796 3112 superscripta
830 3040 901 3092 sunt
930 3050 1059 3093 amanu
1091 3032 1237 3101 secunda,
1271 3050 1347 3112 quae

181 3135 271 3212 spatii
293 3135 441 3194 rationem
464 3132 577 3194 hahere
600 3133 744 3203 debehat:
774 3134 826 3194 sed
848 3134 928 3214 quod
951 3133 1093 3196 Cohctius
1115 3133 1151 3193 dc
1173 3151 1262 3194 versu
1284 3129 1348 3193 283

181 3237 305 3312 cogitat,
328 3233 357 3294 id
380 3236 455 3295 mihi
478 3253 584 3314 parum
608 3234 752 3297 credibile
775 3242 834 3305 est,
858 3254 925 3296 oum
942 3235 1035 3297 multo
1058 3241 1191 3318 praestet
1212 3234 1347 3296 scholion

181 3336 219 3397 ad
240 3355 266 3396 v.
289 3332 353 3398 278
376 3337 509 3407 reierre,
533 3339 644 3418 quippe
672 3337 724 3417 qui
750 3355 869 3398 versum
891 3333 956 3399 279
981 3337 1116 3416 proxime
1139 3336 1295 3398 antecedat
1317 3341 1348 3395 et

181 3440 246 3500 sine
269 3439 434 3500 sententiae
456 3440 644 3500 incommodo
667 3438 802 3501 exsulare
824 3438 933 3519 possit,
962 3438 995 3499 id
1016 3438 1096 3519 quod
1118 3445 1241 3518 praeter
1262 3437 1345 3498 lmm.

180 3540 388 3601 Behhernm
411 3543 501 3602 etiam
524 3542 597 3602 Lud.
621 3541 918 3602 Friedlaendero
941 3544 1037 3603 visum
1058 3547 1117 3609 est,
1140 3541 1192 3618 qni
1215 3541 1247 3600 in
1262 3538 1345 3600 hnal.

180 3642 268 3703 Hom.
292 3641 405 3722 (Jahrb.
429 3643 451 3702 i.
474 3643 561 3703 class.
584 3642 691 3703 Philol.
721 3641 824 3722 Suppl.
847 3642 888 3702 lll
909 3662 938 3722 p.
960 3637 1034 3718 478)
1064 3640 1101 3700 de
1128 3641 1268 3701 universo
1289 3639 1346 3700 hoc

180 3743 246 3804 loco
268 3744 416 3825 prolixius
438 3743 601 3824 disputavit
623 3750 653 3803 et
675 3744 706 3802 in
728 3747 790 3802 tota
805 3743 956 3804 Minervae
978 3743 1113 3803 oratione
1136 3750 1197 3814 tres
1213 3742 1346 3802 diversas

181 3848 374 3907 recensiones
403 3848 616 3908 contaminatas
650 3864 715 3907 esse
749 3844 913 3916 contendit.
956 3843 1056 3905 Voluit
1084 3850 1183 3904 autern
1210 3842 1347 3904 Rhianus

181 3950 246 4009 sine
269 3947 360 4010 dubio
384 3949 557 4009 ‘molestam
579 3949 660 4010 illam
682 3950 889 4008 iterationem'
913 3946 1033 4017 tollere,
1062 3965 1121 4027 qua
1148 3947 1259 4006 lactum
1290 3951 1344 4015 cst,

181 4057 213 4110 nt
234 4051 322 4130 paulo
344 4059 413 4130 post
435 4067 538 4112 versus
559 4051 676 4130 legatur
697 4049 836 4109 similiter
863 4049 973 4109 cadens
995 4049 1099 4127 etqui
1122 4046 1159 4107 ah
1182 4063 1233 4115 eo,
1256 4062 1346 4125 quem

179 4151 344 4223 damnarit,
373 4155 534 4232 postremis
562 4160 676 4215 tantum
705 4150 804 4212 verbis
831 4151 1045 4229 distinguatur:
1083 4167 1110 4210 r.
1132 4143 1195 4209 292
1216 4142 1345 4208 nohh’ti

179 4251 278 4333 μάλ’,
302 4249 397 4316 dcco
419 4252 541 4336 ἔοικε,
564 4254 615 4317 καὶ
637 4250 727 4332 ἀνέρι
748 4249 868 4330 μητέρα
889 4255 1011 4316 δοῦναι.

1108 4367 1143 4422 30
