3340 5164
887 399 930 463 80

329 587 442 670 (vendo)
466 585 633 664 uinpdcnn
655 585 786 663 πρίαμαι
808 587 921 665 πράει(
949 590 1102 665 componit·
1128 606 1197 648 oum
1225 587 1355 665 npt'qccut
1379 590 1492 666 πρῆξις

328 688 469 767 πρηκτήρ
493 696 523 748 et
545 689 575 748 in
597 690 655 748 line
679 689 774 749 addit:
798 691 862 750 ‘mit
884 708 932 749 no.
955 686 1018 750 356
1049 685 1170 767 (περάω
1194 690 1303 764 drinpe
1325 691 1432 766 daron)
1455 692 1495 750 ist

328 790 440 869 περάω
463 789 672 869 ursprbnglich
697 791 859 858 identiscb‚
884 797 946 850 erst
968 789 1135 850 allmiblicb
1151 791 1308 852 rertbeilte
1330 791 1394 851 sich
1417 791 1493 851 wobl

329 892 453 952 Wandel
476 891 535 951 und
559 891 674 952 Handcl
696 893 748 952 aul
766 891 978 952 verschiedene
994 891 1123 952 Formen
1145 891 1276 968 gleicbes
1298 891 1493 970 Ursprnngs'

330 995 388 1054 Sed
411 1012 477 1054 cum
501 994 577 1071 apud
600 992 762 1054 Homerum
784 993 897 1054 nullum
920 995 1050 1070 supersit
1072 992 1161 1054 buius
1175 996 1344 1054 communis
1365 994 1493 1071 originis

330 1097 503 1173 vestigium,
527 1113 563 1154 eo
585 1102 734 1171 tempore,
758 1113 816 1174 quo
839 1096 970 1155 carmina
993 1095 1151 1155 llomerica
1179 1094 1298 1154 condita
1321 1103 1406 1164 sunt,
1434 1113 1494 1156 non

329 1197 424 1257 solnm
447 1197 497 1257 illa
519 1197 767 1273 significationum
796 1196 944 1273 separatio
971 1197 1103 1272 perlecta
1131 1214 1211 1264 esse,
1241 1196 1293 1256 sed
1322 1197 1410 1256 etiam
1433 1198 1495 1272 pri·

330 1300 422 1360 stinae
445 1299 532 1360 buius
554 1298 771 1357 communionis
787 1299 929 1357 memoria
952 1299 1011 1357 iam
1034 1297 1085 1357 diu
1108 1299 1262 1357 evanuisse
1279 1296 1403 1371 videtur,
1425 1315 1495 1356 nam

329 1419 396 1460 cum
426 1401 502 1477 apud
531 1399 694 1458 Homerum
731 1397 856 1459 verbum
888 1397 1037 1475 πρήεεειν
1065 1400 1240 1475 saepissime
1269 1399 1436 1458 inveniatur
1464 1405 1495 1456 et

329 1502 494 1578 permultae
523 1501 689 1560 locutiones
717 1499 753 1559 ad
786 1501 1006 1577 navigationem
1038 1501 1222 1576 pertineant,
1257 1517 1316 1558 non
1350 1498 1493 1559 credibile

331 1611 390 1672 est,
414 1602 470 1662 boc
492 1619 552 1662 uno
575 1603 606 1660 in
629 1619 715 1661 versu
738 1603 823 1680 quasi
845 1601 997 1662 residuum
1013 1601 1158 1679 quoddam
1175 1602 1390 1662 vetustissimae
1413 1599 1495 1660 illius

331 1706 497 1764 communis
530 1703 757 1782 significationis
789 1710 937 1763 servatum
971 1721 1047 1762 esse.
1093 1702 1146 1762 His
1173 1701 1311 1762 omnibus
1338 1703 1495 1778 perpensis

331 1824 390 1866 non
412 1804 602 1873 mirabimur,
627 1804 704 1883 quod
722 1803 855 1864 Rbiauus
869 1813 968 1881 spreta
993 1804 1103 1881 vulgari
1118 1803 1246 1864 lectione
1261 1805 1361 1881 posuit
1382 1801 1495 1877 ulric-

332 1926 458 1989 coutet,
481 1907 559 1986 quod
584 1908 672 1966 etiam
696 1907 790 1982 magis
813 1904 972 1973 arridebit,
998 1907 1022 1964 si
1046 1905 1299 1974 consideraveris,
1316 1921 1404 1983 quam
1428 1910 1494 1983 apte

331 2009 442 2069 arduus
464 2007 631 2084 remigandi
654 2006 737 2068 labor
760 2006 947 2084 designetur,
977 2025 1036 2085 quo
1064 2023 1138 2083 opus
1160 2015 1239 2074 erat,
1270 2007 1327 2066 uisi
1343 2005 1442 2065 Vlixes
1463 2007 1494 2065 in

331 2128 479 2170 summum
503 2109 664 2180 discrimen
687 2107 794 2169 iterum
817 2108 952 2169 incidere
974 2107 1071 2168 vellet.
1115 2108 1252 2167 Proxime
1274 2110 1354 2167 enim
1376 2113 1494 2167 antece·

332 2205 405 2272 dunt
428 2229 544 2279 versus,
568 2209 679 2289 quibus
700 2209 751 2269 ille
773 2228 805 2270 se
828 2195 1090 2270 sociosbortatum
1113 2227 1178 2268 esse
1194 2216 1310 2277 narrat,
1335 2216 1366 2268 ut
1380 2211 1495 2268 naviter

332 2323 512 2390 strenueque
541 2311 632 2371 remis
660 2311 883 2380 incumberent,
914 2329 1023 2390 eosque
1051 2307 1259 2370 incumbentes
1287 2310 1493 2386 remigavisse:

332 2411 362 2477 οἱ
384 2414 420 2476 δὲ
441 2410 659 2491 προπεεόντεε
687 2409 826 2488 ἔρεεεον.
872 2412 921 2473 Sic
949 2410 1081 2472 Rhianea
1110 2411 1279 2472 emendatio
1306 2413 1352 2470 rei
1380 2410 1494 2471 descri-

333 2516 447 2578 bendae
470 2517 559 2575 etiam
583 2514 650 2593 plus
673 2514 782 2574 coloris
804 2524 833 2574 et
848 2515 925 2574 lucis
947 2512 1040 2573 allert.

282 2614 326 2678 39
418 2615 550 2677 Similem
574 2617 604 2675 in
628 2635 661 2675 re
684 2615 772 2675 simili
795 2616 867 2675 lecit
889 2613 1125 2675 emendationem
1147 2610 1258 2683 κ130,
1282 2613 1334 2675 ubi
1357 2613 1455 2674 Vlixes
1477 2634 1494 2675 a

332 2717 584 2800 Laestrygonibus
611 2735 706 2794 paene
735 2734 896 2796 oppressus
928 2718 1026 2777 socios
1059 2715 1217 2794 diligenter
1252 2733 1351 2776 remos
1384 2716 1495 2776 ducere

332 2821 430 2890 iubet,
460 2838 520 2899 quo
548 2820 637 2879 citius
666 2819 803 2879 miseram
839 2825 964 2878 mortem
1000 2818 1229 2894 subterfugiant.
1275 2816 1355 2876 Socii
1384 2820 1413 2876 ei
1441 2817 1494 2877 ob·

332 2928 514 2999 temperant:

458 3019 490 3084 o‘r
512 3019 546 3083 δ’
567 3017 588 3082 ἅ
595 3041 642 3098 μα
664 3019 783 3084 πάντες
805 3017 983 3098 ἀνέρριψαν
1006 3018 1163 3083 δείεαντεε
1186 3015 1332 3095 ὄλεθρον.

333 3125 411 3185 Haec
445 3133 509 3184 erat
535 3122 623 3184 lectio
650 3123 795 3201 vulgaris,
830 3141 906 3202 quae
937 3123 1025 3182 etlam
1054 3122 1171 3183 codices
1203 3140 1306 3182 omnes
1340 3124 1494 3202 occupavit

333 3234 452 3302 praeter
474 3225 544 3294 DL,
568 3228 618 3304 qui
642 3221 704 3300 ἄρα
726 3223 850 3292 babent,
875 3232 905 3284 et
926 3223 1069 3303 Didymus
1096 3228 1126 3283 in
1150 3243 1204 3284 suo
1233 3223 1393 3303 exemplari
1414 3224 1493 3284 idem

333 3329 418 3405 legit,
443 3335 473 3387 ut
496 3327 594 3385 elucet
616 3343 652 3385 ox
675 3327 739 3385 eius
763 3324 889 3386 scholio:
925 3321 1001 3387 οἵδ’
1024 3321 1111 3401 ἅμα·
1139 3326 1236 3387 τοῦτο
1265 3323 1322 3402 μὲν
1344 3322 1496 3402 ἐμφαντι-

333 3427 401 3492 κόν.
426 3425 505 3490 ἔνιοι
529 3425 564 3488 δὲ
587 3425 766 3505 γράφουειν
802 3422 880 3488 οἵδ’
913 3422 987 3503 ἄρα
1019 3424 1174 3489 πάντες.
1209 3423 1437 3501 Καλλίετρατο(
1459 3426 1495 3489 δὲ

332 3531 383 3594 καὶ
404 3527 530 3593 Ῥιανὸς
552 3527 605 3591 διὰ
626 3529 684 3590 τοῦ
707 3528 725 3588 l
755 3524 833 3590 οἵδ’
861 3525 933 3589 ἅλα
960 3525 1114 3590 πάντες.
1138 3527 1172 3588 Η.
1211 3527 1284 3589 Illud
1308 3524 1387 3610 dno,
1415 3529 1494 3607 quod

333 3642 436 3694 contra
458 3632 607 3692 Rhianum
629 3629 773 3708 Didymus
795 3630 872 3689 tueri
894 3638 1018 3690 conatus
1040 3638 1099 3698 est,
1123 3648 1190 3690 cum
1205 3630 1406 3706 emphaticum
1430 3649 1494 3690 esse

333 3734 461 3802 diceret,
489 3735 538 3792 vix
561 3731 640 3794 aliud
664 3734 822 3811 quicquam
845 3732 977 3791 iudicare
1000 3737 1098 3807 potest
1120 3749 1207 3809 quam
1236 3733 1366 3809 remiges
1389 3731 1492 3792 eodem

334 3843 467 3912 tempore
490 3834 654 3912 eodemque
670 3831 777 3892 ordine
798 3835 890 3893 remis
912 3834 1067 3909 insurgere
1091 3842 1119 3891 et
1139 3849 1242 3892 navem
1265 3831 1418 3910 inpellere,
1442 3833 1494 3892 sed

333 3938 390 3999 boo
412 3935 535 4015 quidem
557 3951 623 3994 cnm
646 3951 701 4009 per
724 3951 757 3994 se
779 3933 984 4010 intellegatur,
1014 3942 1075 3993 tum
1099 3933 1244 3993 Homerus
1271 3933 1367 3994 sicubi
1397 3933 1495 3994 verbis

333 4039 492 4116 exprimit,
515 4035 692 4114 plerumque
715 4034 770 4095 bae
792 4037 886 4096 utitur
908 4035 1056 4096 locutione
1078 4032 1149 4110 ἐξῆ(
1171 4032 1209 4097 δ’
1238 4032 1399 4117 ἑζόμενοι,
1421 4044 1455 4095 ut
1475 4036 1494 4095 b

331 4136 404 4204 580.
428 4156 438 4198 ι
463 4132 534 4198 104.
579 4136 681 4215 Neque
706 4155 775 4196 vero
804 4139 910 4195 attinet
931 4136 963 4195 id
991 4136 1048 4195 boc
1078 4136 1141 4196 loeo
1170 4135 1270 4196 verbis
1297 4137 1412 4206 ellerri,
1442 4135 1492 4195 sed

333 4241 480 4302 llomerus
508 4241 581 4299 satis
610 4236 700 4297 babet
726 4255 795 4296 voce
823 4235 941 4299 aduret
969 4239 1156 4314 designasse,
1191 4246 1314 4298 cunctos
1341 4239 1438 4297 socios
1465 4248 1494 4297 et

333 4344 401 4406 duci
423 4342 502 4401 dicto
525 4341 680 4400 audientes
708 4347 738 4398 et
763 4341 867 4400 mortis
896 4339 1078 4418 ellugiendae
1108 4339 1206 4399 studio
1235 4341 1374 4401 incensos
1396 4339 1494 4399 ol'ficio
