<?xml version="1.0" encoding="UTF-8"?>
<!DOCTYPE html PUBLIC "-//W3C//DTD XHTML 1.0 Transitional//EN"
    "http://www.w3.org/TR/xhtml1/DTD/xhtml1-transitional.dtd">
<html xmlns="http://www.w3.org/1999/xhtml" xml:lang="en" lang="en">
 <head>
  <title>
</title>
<meta http-equiv="Content-Type" content="text/html;charset=utf-8" />
  <meta name='ocr-system' content='tesseract 3.04.00' />
  <meta name='ocr-capabilities' content='ocr_page ocr_carea ocr_par ocr_line ocrx_word'/>
</head>
<body>
  <div class='ocr_page' id='page_1' title='image "./derhianicretens00mayhgoog_0054.png"; bbox 0 0 3340 5164; ppageno 0'>
   <div class='ocr_carea' id='block_1_1' title="bbox 677 423 829 522">
    <p class='ocr_par' dir='ltr' id='par_1_1' title="bbox 677 423 829 522">
     <span class='ocr_line' id='line_1_1' title="bbox 677 423 829 522; baseline -0.007 -34"><span class='ocrx_word' id='word_1_1' title='bbox 677 423 829 522; x_wconf 38' lang='lat' dir='ltr'><strong>je*</strong></span> 
     </span>
    </p>
   </div>
   <div class='ocr_carea' id='block_1_2' title="bbox 118 610 1335 4337">
    <p class='ocr_par' dir='ltr' id='par_1_2' title="bbox 118 610 1335 4337">
     <span class='ocr_line' id='line_1_2' title="bbox 171 610 1333 695; baseline 0.003 -22"><span class='ocrx_word' id='word_1_2' title='bbox 171 612 329 674; x_wconf 82' lang='lat' dir='ltr'><strong>ueletiam</strong></span> <span class='ocrx_word' id='word_1_3' title='bbox 353 610 448 692; x_wconf 82' lang='grc' dir='ltr'><strong><em>ἄναξ,</em></strong></span> <span class='ocrx_word' id='word_1_4' title='bbox 477 613 570 676; x_wconf 90' lang='lat' dir='ltr'><strong>multo</strong></span> <span class='ocrx_word' id='word_1_5' title='bbox 592 613 652 675; x_wconf 91' lang='lat' dir='ltr'><strong>illis</strong></span> <span class='ocrx_word' id='word_1_6' title='bbox 674 616 793 695; x_wconf 88' lang='lat' dir='ltr'><strong>quidem</strong></span> <span class='ocrx_word' id='word_1_7' title='bbox 817 614 1005 692; x_wconf 84' lang='lat' dir='ltr'><strong>gravioribus</strong></span> <span class='ocrx_word' id='word_1_8' title='bbox 1027 623 1058 674; x_wconf 89' lang='lat' dir='ltr'><strong>et</strong></span> <span class='ocrx_word' id='word_1_9' title='bbox 1085 610 1333 687; x_wconf 88' lang='lat' dir='ltr'><strong>sollemnioribus,</strong></span> 
     </span>
     <span class='ocr_line' id='line_1_3' title="bbox 170 714 1335 795; baseline 0.007 -21"><span class='ocrx_word' id='word_1_10' title='bbox 170 716 214 774; x_wconf 94' lang='lat' dir='ltr'><strong>uti</strong></span> <span class='ocrx_word' id='word_1_11' title='bbox 228 714 313 775; x_wconf 89' lang='lat' dir='ltr'><strong>solet.</strong></span> <span class='ocrx_word' id='word_1_12' title='bbox 337 714 434 786; x_wconf 81' lang='lat' dir='ltr'><strong>Quare</strong></span> <span class='ocrx_word' id='word_1_13' title='bbox 451 717 574 776; x_wconf 91' lang='lat' dir='ltr'><strong>minime</strong></span> <span class='ocrx_word' id='word_1_14' title='bbox 591 719 737 777; x_wconf 88' lang='lat' dir='ltr'><strong>assentior</strong></span> <span class='ocrx_word' id='word_1_15' title='bbox 748 717 929 778; x_wconf 85' lang='lat' dir='ltr'><strong>Doederlino</strong></span> <span class='ocrx_word' id='word_1_16' title='bbox 946 717 1057 778; x_wconf 88' lang='lat' dir='ltr'><strong>dicenti</strong></span> <span class='ocrx_word' id='word_1_17' title='bbox 1074 715 1335 795; x_wconf 81' lang='grc' dir='ltr'><strong>1131313εὐηγενή(</strong></span> 
     </span>
     <span class='ocr_line' id='line_1_4' title="bbox 169 815 1334 899; baseline 0.003 -23"><span class='ocrx_word' id='word_1_18' title='bbox 169 815 263 876; x_wconf 89' lang='lat' dir='ltr'><strong>deleri</strong></span> <span class='ocrx_word' id='word_1_19' title='bbox 287 817 439 878; x_wconf 92' lang='lat' dir='ltr'><strong>notionem</strong></span> <span class='ocrx_word' id='word_1_20' title='bbox 462 816 592 878; x_wconf 86' lang='lat' dir='ltr'><strong>Homero</strong></span> <span class='ocrx_word' id='word_1_21' title='bbox 615 819 660 879; x_wconf 87' lang='lat' dir='ltr'><strong>vel</strong></span> <span class='ocrx_word' id='word_1_22' title='bbox 684 822 809 880; x_wconf 83' lang='lat' dir='ltr'><strong>maxime</strong></span> <span class='ocrx_word' id='word_1_23' title='bbox 833 821 1002 899; x_wconf 79' lang='lat' dir='ltr'>propriam,</span> <span class='ocrx_word' id='word_1_24' title='bbox 1030 825 1061 878; x_wconf 92' lang='lat' dir='ltr'><strong>et</strong></span> <span class='ocrx_word' id='word_1_25' title='bbox 1082 821 1108 878; x_wconf 89' lang='lat' dir='ltr'><strong>si</strong></span> <span class='ocrx_word' id='word_1_26' title='bbox 1131 820 1201 898; x_wconf 91' lang='lat' dir='ltr'><strong>quid</strong></span> <span class='ocrx_word' id='word_1_27' title='bbox 1225 822 1257 880; x_wconf 95' lang='lat' dir='ltr'><strong>in</strong></span> <span class='ocrx_word' id='word_1_28' title='bbox 1279 821 1334 880; x_wconf 91' lang='lat' dir='ltr'><strong>bac</strong></span> 
     </span>
     <span class='ocr_line' id='line_1_5' title="bbox 169 917 1310 1000; baseline 0.004 -24"><span class='ocrx_word' id='word_1_29' title='bbox 169 935 202 977; x_wconf 93' lang='lat' dir='ltr'><strong>re</strong></span> <span class='ocrx_word' id='word_1_30' title='bbox 226 917 394 978; x_wconf 91' lang='lat' dir='ltr'><strong>mirandum</strong></span> <span class='ocrx_word' id='word_1_31' title='bbox 418 925 481 988; x_wconf 89' lang='lat' dir='ltr'><strong>est,</strong></span> <span class='ocrx_word' id='word_1_32' title='bbox 504 919 576 979; x_wconf 90' lang='lat' dir='ltr'><strong>illud</strong></span> <span class='ocrx_word' id='word_1_33' title='bbox 599 922 699 998; x_wconf 91' lang='lat' dir='ltr'><strong>potius</strong></span> <span class='ocrx_word' id='word_1_34' title='bbox 728 929 788 996; x_wconf 89' lang='lat' dir='ltr'><strong>est,</strong></span> <span class='ocrx_word' id='word_1_35' title='bbox 811 921 889 1000; x_wconf 91' lang='lat' dir='ltr'><strong>quod</strong></span> <span class='ocrx_word' id='word_1_36' title='bbox 915 920 1122 981; x_wconf 86' lang='lat' dir='ltr'><strong>Doederlinum</strong></span> <span class='ocrx_word' id='word_1_37' title='bbox 1145 920 1202 980; x_wconf 91' lang='lat' dir='ltr'><strong>boe</strong></span> <span class='ocrx_word' id='word_1_38' title='bbox 1224 921 1310 998; x_wconf 85' lang='lat' dir='ltr'><strong>legit.</strong></span> 
     </span>
     <span class='ocr_line' id='line_1_6' title="bbox 268 1019 1334 1100; baseline 0.005 -22"><span class='ocrx_word' id='word_1_39' title='bbox 268 1019 327 1078; x_wconf 85' lang='lat' dir='ltr'><strong>Sed</strong></span> <span class='ocrx_word' id='word_1_40' title='bbox 365 1026 485 1096; x_wconf 90' lang='lat' dir='ltr'><strong>praeter</strong></span> <span class='ocrx_word' id='word_1_41' title='bbox 524 1020 602 1081; x_wconf 92' lang='lat' dir='ltr'><strong>hunc</strong></span> <span class='ocrx_word' id='word_1_42' title='bbox 639 1039 734 1099; x_wconf 91' lang='lat' dir='ltr'><strong>nuper</strong></span> <span class='ocrx_word' id='word_1_43' title='bbox 775 1025 865 1082; x_wconf 91' lang='lat' dir='ltr'><strong>etiam</strong></span> <span class='ocrx_word' id='word_1_44' title='bbox 899 1020 1066 1100; x_wconf 83' lang='lat' dir='ltr'><strong>Richardus</strong></span> <span class='ocrx_word' id='word_1_45' title='bbox 1101 1019 1334 1100; x_wconf 81' lang='lat' dir='ltr'><strong>lloedigerus</strong></span> 
     </span>
     <span class='ocr_line' id='line_1_7' title="bbox 169 1119 1333 1200; baseline 0.003 -21"><span class='ocrx_word' id='word_1_46' title='bbox 169 1137 242 1180; x_wconf 88' lang='lat' dir='ltr'><strong>nova</strong></span> <span class='ocrx_word' id='word_1_47' title='bbox 266 1122 382 1180; x_wconf 86' lang='lat' dir='ltr'><strong>ratione</strong></span> <span class='ocrx_word' id='word_1_48' title='bbox 405 1119 607 1200; x_wconf 84' lang='lat' dir='ltr'>inexplicabili</span> <span class='ocrx_word' id='word_1_49' title='bbox 629 1121 699 1182; x_wconf 88' lang='lat' dir='ltr'><strong>huic</strong></span> <span class='ocrx_word' id='word_1_50' title='bbox 721 1130 752 1183; x_wconf 90' lang='lat' dir='ltr'><strong>et</strong></span> <span class='ocrx_word' id='word_1_51' title='bbox 773 1123 898 1184; x_wconf 91' lang='lat' dir='ltr'><strong>multum</strong></span> <span class='ocrx_word' id='word_1_52' title='bbox 921 1130 1050 1184; x_wconf 77' lang='lat' dir='ltr'><strong>tentatae</strong></span> <span class='ocrx_word' id='word_1_53' title='bbox 1078 1123 1172 1183; x_wconf 82' lang='lat' dir='ltr'><strong>vocali</strong></span> <span class='ocrx_word' id='word_1_54' title='bbox 1194 1143 1213 1198; x_wconf 93' lang='grc' dir='ltr'>η</span> <span class='ocrx_word' id='word_1_55' title='bbox 1236 1122 1333 1184; x_wconf 86' lang='lat' dir='ltr'><strong>lucem</strong></span> 
     </span>
     <span class='ocr_line' id='line_1_8' title="bbox 169 1220 1333 1303; baseline 0.003 -22"><span class='ocrx_word' id='word_1_56' title='bbox 169 1221 352 1301; x_wconf 77' lang='lat' dir='ltr'><strong>salutemque</strong></span> <span class='ocrx_word' id='word_1_57' title='bbox 388 1221 494 1282; x_wconf 89' lang='lat' dir='ltr'><strong>allerre</strong></span> <span class='ocrx_word' id='word_1_58' title='bbox 524 1223 651 1293; x_wconf 86' lang='lat' dir='ltr'><strong>studuit,</strong></span> <span class='ocrx_word' id='word_1_59' title='bbox 684 1226 735 1303; x_wconf 92' lang='lat' dir='ltr'><strong>qui</strong></span> <span class='ocrx_word' id='word_1_60' title='bbox 769 1226 1018 1285; x_wconf 85' lang='lat' dir='ltr'><strong>commentatione</strong></span> <span class='ocrx_word' id='word_1_61' title='bbox 1046 1224 1165 1302; x_wconf 86' lang='lat' dir='ltr'><strong>Lipsiae</strong></span> <span class='ocrx_word' id='word_1_62' title='bbox 1195 1243 1221 1284; x_wconf 90' lang='lat' dir='ltr'><strong>a.</strong></span> <span class='ocrx_word' id='word_1_63' title='bbox 1252 1220 1333 1285; x_wconf 88' lang='grc'>1866</span> 
     </span>
     <span class='ocr_line' id='line_1_9' title="bbox 169 1323 1334 1402; baseline 0.004 -20"><span class='ocrx_word' id='word_1_64' title='bbox 169 1323 249 1383; x_wconf 88' lang='lat' dir='ltr'><strong>edita</strong></span> <span class='ocrx_word' id='word_1_65' title='bbox 272 1323 443 1384; x_wconf 86' lang='lat' dir='ltr'><strong>doctissime</strong></span> <span class='ocrx_word' id='word_1_66' title='bbox 467 1324 625 1401; x_wconf 90' lang='lat' dir='ltr'><strong>disputavit</strong></span> <span class='ocrx_word' id='word_1_67' title='bbox 653 1325 702 1385; x_wconf 79' lang='lat' dir='ltr'><strong>‘de</strong></span> <span class='ocrx_word' id='word_1_68' title='bbox 725 1327 860 1402; x_wconf 92' lang='lat' dir='ltr'><strong>priorum</strong></span> <span class='ocrx_word' id='word_1_69' title='bbox 882 1324 1085 1386; x_wconf 87' lang='lat' dir='ltr'><strong>membrorum</strong></span> <span class='ocrx_word' id='word_1_70' title='bbox 1107 1327 1139 1385; x_wconf 93' lang='lat' dir='ltr'><strong>in</strong></span> <span class='ocrx_word' id='word_1_71' title='bbox 1162 1324 1334 1387; x_wconf 90' lang='lat' dir='ltr'><strong>nominibus</strong></span> 
     </span>
     <span class='ocr_line' id='line_1_10' title="bbox 168 1421 1332 1506; baseline 0.003 -22"><span class='ocrx_word' id='word_1_72' title='bbox 168 1425 285 1502; x_wconf 87' lang='lat' dir='ltr'><strong>graecis</strong></span> <span class='ocrx_word' id='word_1_73' title='bbox 313 1427 487 1502; x_wconf 89' lang='lat' dir='ltr'><strong>compositis</strong></span> <span class='ocrx_word' id='word_1_74' title='bbox 508 1427 746 1487; x_wconf 74' lang='lat' dir='ltr'><strong>conformatione</strong></span> <span class='ocrx_word' id='word_1_75' title='bbox 768 1427 872 1486; x_wconf 88' lang='lat' dir='ltr'><strong>tinali&#39;.</strong></span> <span class='ocrx_word' id='word_1_76' title='bbox 908 1425 936 1486; x_wconf 91' lang='lat' dir='ltr'><strong>ls</strong></span> <span class='ocrx_word' id='word_1_77' title='bbox 958 1426 1079 1504; x_wconf 91' lang='lat' dir='ltr'><strong>quidem</strong></span> <span class='ocrx_word' id='word_1_78' title='bbox 1101 1443 1130 1503; x_wconf 88' lang='lat' dir='ltr'><strong>p.</strong></span> <span class='ocrx_word' id='word_1_79' title='bbox 1151 1421 1193 1487; x_wconf 80' lang='lat'><strong>25</strong></span> <span class='ocrx_word' id='word_1_80' title='bbox 1216 1445 1279 1506; x_wconf 86' lang='lat' dir='ltr'><strong>sqq.</strong></span> <span class='ocrx_word' id='word_1_81' title='bbox 1301 1429 1332 1487; x_wconf 94' lang='lat' dir='ltr'><strong>in</strong></span> 
     </span>
     <span class='ocr_line' id='line_1_11' title="bbox 169 1509 1332 1608; baseline 0.004 -25"><span class='ocrx_word' id='word_1_82' title='bbox 169 1524 263 1586; x_wconf 89' lang='lat' dir='ltr'><strong>vocali</strong></span> <span class='ocrx_word' id='word_1_83' title='bbox 290 1544 310 1602; x_wconf 90' lang='grc' dir='ltr'>η</span> <span class='ocrx_word' id='word_1_84' title='bbox 345 1527 375 1586; x_wconf 94' lang='grc'><strong>13</strong></span> <span class='ocrx_word' id='word_1_85' title='bbox 404 1529 598 1588; x_wconf 85' lang='grc'><strong>3311131133313</strong></span> <span class='ocrx_word' id='word_1_86' title='bbox 634 1529 867 1606; x_wconf 89' lang='lat' dir='ltr'><strong>compositorum</strong></span> <span class='ocrx_word' id='word_1_87' title='bbox 895 1529 991 1606; x_wconf 93' lang='lat' dir='ltr'><strong>posita</strong></span> <span class='ocrx_word' id='word_1_88' title='bbox 1018 1509 1163 1605; x_wconf 84' lang='lat' dir='ltr'><strong>reliquias</strong></span> <span class='ocrx_word' id='word_1_89' title='bbox 1190 1529 1332 1608; x_wconf 89' lang='lat' dir='ltr'><strong>quasdam</strong></span> 
     </span>
     <span class='ocr_line' id='line_1_12' title="bbox 168 1627 1332 1707; baseline 0.003 -20"><span class='ocrx_word' id='word_1_90' title='bbox 168 1627 261 1687; x_wconf 89' lang='lat' dir='ltr'><strong>latere</strong></span> <span class='ocrx_word' id='word_1_91' title='bbox 282 1633 367 1705; x_wconf 90' lang='lat' dir='ltr'><strong>putat</strong></span> <span class='ocrx_word' id='word_1_92' title='bbox 388 1629 506 1705; x_wconf 88' lang='lat' dir='ltr'><strong>priscae</strong></span> <span class='ocrx_word' id='word_1_93' title='bbox 528 1630 762 1707; x_wconf 87' lang='lat' dir='ltr'><strong>praepositionis</strong></span> <span class='ocrx_word' id='word_1_94' title='bbox 790 1631 821 1689; x_wconf 92' lang='lat' dir='ltr'><strong>in</strong></span> <span class='ocrx_word' id='word_1_95' title='bbox 849 1647 957 1707; x_wconf 85' lang='lat' dir='ltr'><strong>graeco</strong></span> <span class='ocrx_word' id='word_1_96' title='bbox 980 1646 1117 1689; x_wconf 87' lang='lat' dir='ltr'><strong>sermone</strong></span> <span class='ocrx_word' id='word_1_97' title='bbox 1139 1630 1256 1706; x_wconf 89' lang='lat' dir='ltr'><strong>pridem</strong></span> <span class='ocrx_word' id='word_1_98' title='bbox 1279 1629 1332 1690; x_wconf 88' lang='lat' dir='ltr'><strong>ob-</strong></span> 
     </span>
     <span class='ocr_line' id='line_1_13' title="bbox 167 1729 1331 1809; baseline 0.003 -21"><span class='ocrx_word' id='word_1_99' title='bbox 167 1729 329 1797; x_wconf 82' lang='lat' dir='ltr'><strong>litteratae,</strong></span> <span class='ocrx_word' id='word_1_100' title='bbox 353 1745 429 1808; x_wconf 88' lang='lat' dir='ltr'><strong>quae</strong></span> <span class='ocrx_word' id='word_1_101' title='bbox 452 1731 478 1789; x_wconf 93' lang='lat' dir='ltr'><strong>si</strong></span> <span class='ocrx_word' id='word_1_102' title='bbox 500 1748 560 1790; x_wconf 92' lang='lat' dir='ltr'><strong>non</strong></span> <span class='ocrx_word' id='word_1_103' title='bbox 583 1730 701 1800; x_wconf 89' lang='lat' dir='ltr'><strong>eadem,</strong></span> <span class='ocrx_word' id='word_1_104' title='bbox 735 1738 765 1790; x_wconf 90' lang='grc'><strong>31</strong></span> <span class='ocrx_word' id='word_1_105' title='bbox 786 1738 909 1807; x_wconf 85' lang='lat' dir='ltr'><strong>cognata</strong></span> <span class='ocrx_word' id='word_1_106' title='bbox 929 1730 970 1790; x_wconf 89' lang='lat' dir='ltr'><strong>sit</strong></span> <span class='ocrx_word' id='word_1_107' title='bbox 991 1731 1183 1791; x_wconf 86' lang='lat' dir='ltr'><strong>sanseriticae</strong></span> <span class='ocrx_word' id='word_1_108' title='bbox 1205 1748 1331 1809; x_wconf 92' lang='lat' dir='ltr'><strong>praepo·</strong></span> 
     </span>
     <span class='ocr_line' id='line_1_14' title="bbox 167 1829 1330 1916; baseline 0.003 -28"><span class='ocrx_word' id='word_1_109' title='bbox 167 1831 269 1890; x_wconf 91' lang='lat' dir='ltr'><strong>sitioni</strong></span> <span class='ocrx_word' id='word_1_110' title='bbox 292 1831 328 1897; x_wconf 82' lang='lat' dir='ltr'><strong>d,</strong></span> <span class='ocrx_word' id='word_1_111' title='bbox 353 1829 388 1889; x_wconf 92' lang='lat' dir='ltr'><strong>ad</strong></span> <span class='ocrx_word' id='word_1_112' title='bbox 412 1848 499 1916; x_wconf 87' lang='lat' dir='ltr'><strong>quam</strong></span> <span class='ocrx_word' id='word_1_113' title='bbox 522 1832 802 1909; x_wconf 90' lang='lat' dir='ltr'><strong>interpretationem</strong></span> <span class='ocrx_word' id='word_1_114' title='bbox 825 1833 923 1893; x_wconf 90' lang='lat' dir='ltr'><strong>omnia</strong></span> <span class='ocrx_word' id='word_1_115' title='bbox 940 1831 1097 1892; x_wconf 92' lang='lat' dir='ltr'><strong>eiusmodi</strong></span> <span class='ocrx_word' id='word_1_116' title='bbox 1113 1833 1233 1892; x_wconf 91' lang='lat' dir='ltr'><strong>nomina</strong></span> <span class='ocrx_word' id='word_1_117' title='bbox 1250 1850 1330 1892; x_wconf 92' lang='lat' dir='ltr'><strong>com·</strong></span> 
     </span>
     <span class='ocr_line' id='line_1_15' title="bbox 167 1931 1331 2012; baseline 0.003 -22"><span class='ocrx_word' id='word_1_118' title='bbox 167 1933 263 2010; x_wconf 89' lang='lat' dir='ltr'><strong>posita</strong></span> <span class='ocrx_word' id='word_1_119' title='bbox 286 1938 417 2001; x_wconf 89' lang='lat' dir='ltr'><strong>revocat,</strong></span> <span class='ocrx_word' id='word_1_120' title='bbox 448 1933 509 1992; x_wconf 89' lang='lat' dir='ltr'><strong>sive</strong></span> <span class='ocrx_word' id='word_1_121' title='bbox 532 1935 633 2012; x_wconf 92' lang='lat' dir='ltr'><strong>priora</strong></span> <span class='ocrx_word' id='word_1_122' title='bbox 655 1931 788 1994; x_wconf 89' lang='lat' dir='ltr'><strong>membra</strong></span> <span class='ocrx_word' id='word_1_123' title='bbox 816 1931 1041 1993; x_wconf 87' lang='lat' dir='ltr'><strong>indeclinabilia</strong></span> <span class='ocrx_word' id='word_1_124' title='bbox 1064 1939 1134 1992; x_wconf 93' lang='lat' dir='ltr'><strong>sunt</strong></span> <span class='ocrx_word' id='word_1_125' title='bbox 1154 1934 1217 1992; x_wconf 90' lang='lat' dir='ltr'><strong>sive</strong></span> <span class='ocrx_word' id='word_1_126' title='bbox 1240 1933 1331 1994; x_wconf 83' lang='grc'><strong>113311-</strong></span> 
     </span>
     <span class='ocr_line' id='line_1_16' title="bbox 118 2031 1330 2114; baseline 0.001 -20"><span class='ocrx_word' id='word_1_127' title='bbox 118 2085 125 2094; x_wconf 97' lang='grc'><strong>.</strong></span> <span class='ocrx_word' id='word_1_128' title='bbox 167 2031 288 2093; x_wconf 86' lang='grc'><strong>33111113.</strong></span> <span class='ocrx_word' id='word_1_129' title='bbox 319 2032 414 2112; x_wconf 79' lang='lat' dir='ltr'><strong>Atque</strong></span> <span class='ocrx_word' id='word_1_130' title='bbox 430 2051 544 2094; x_wconf 89' lang='lat' dir='ltr'><strong>cumea</strong></span> <span class='ocrx_word' id='word_1_131' title='bbox 559 2036 741 2114; x_wconf 86' lang='lat' dir='ltr'><strong>praepositio</strong></span> <span class='ocrx_word' id='word_1_132' title='bbox 757 2036 815 2094; x_wconf 92' lang='lat' dir='ltr'><strong>vim</strong></span> <span class='ocrx_word' id='word_1_133' title='bbox 829 2040 860 2094; x_wconf 88' lang='lat' dir='ltr'><strong>et</strong></span> <span class='ocrx_word' id='word_1_134' title='bbox 874 2039 1049 2113; x_wconf 91' lang='lat' dir='ltr'><strong>potestatem</strong></span> <span class='ocrx_word' id='word_1_135' title='bbox 1064 2032 1172 2093; x_wconf 90' lang='lat' dir='ltr'><strong>habeat</strong></span> <span class='ocrx_word' id='word_1_136' title='bbox 1187 2033 1330 2096; x_wconf 87' lang='lat' dir='ltr'><strong>latissime</strong></span> 
     </span>
     <span class='ocr_line' id='line_1_17' title="bbox 165 2129 1330 2214; baseline 0.002 -20"><span class='ocrx_word' id='word_1_137' title='bbox 165 2140 317 2213; x_wconf 90' lang='lat' dir='ltr'><strong>patentem</strong></span> <span class='ocrx_word' id='word_1_138' title='bbox 340 2130 378 2213; x_wconf 91' lang='lat' dir='ltr'><strong>(v.</strong></span> <span class='ocrx_word' id='word_1_139' title='bbox 401 2153 430 2214; x_wconf 89' lang='lat' dir='ltr'><strong>p.</strong></span> <span class='ocrx_word' id='word_1_140' title='bbox 454 2129 522 2214; x_wconf 83' lang='lat'><strong>29),</strong></span> <span class='ocrx_word' id='word_1_141' title='bbox 545 2136 611 2195; x_wconf 86' lang='lat' dir='ltr'><strong>lieri</strong></span> <span class='ocrx_word' id='word_1_142' title='bbox 635 2154 705 2196; x_wconf 88' lang='lat' dir='ltr'><strong>sane</strong></span> <span class='ocrx_word' id='word_1_143' title='bbox 728 2154 786 2196; x_wconf 94' lang='lat' dir='ltr'><strong>non</strong></span> <span class='ocrx_word' id='word_1_144' title='bbox 809 2135 924 2214; x_wconf 84' lang='lat' dir='ltr'><strong>potest,</strong></span> <span class='ocrx_word' id='word_1_145' title='bbox 953 2136 1026 2214; x_wconf 92' lang='lat' dir='ltr'><strong>quin</strong></span> <span class='ocrx_word' id='word_1_146' title='bbox 1048 2133 1188 2194; x_wconf 91' lang='lat' dir='ltr'><strong>nonnulla</strong></span> <span class='ocrx_word' id='word_1_147' title='bbox 1211 2138 1330 2197; x_wconf 90' lang='lat' dir='ltr'><strong>nomina</strong></span> 
     </span>
     <span class='ocr_line' id='line_1_18' title="bbox 166 2219 1331 2316; baseline 0.002 -21"><span class='ocrx_word' id='word_1_148' title='bbox 166 2219 319 2296; x_wconf 86' lang='lat' dir='ltr'><strong>commode</strong></span> <span class='ocrx_word' id='word_1_149' title='bbox 342 2235 546 2314; x_wconf 84' lang='lat' dir='ltr'><strong>explicentur;</strong></span> <span class='ocrx_word' id='word_1_150' title='bbox 576 2237 632 2297; x_wconf 91' lang='grc'><strong>3113</strong></span> <span class='ocrx_word' id='word_1_151' title='bbox 660 2244 759 2298; x_wconf 88' lang='grc'><strong>133133</strong></span> <span class='ocrx_word' id='word_1_152' title='bbox 792 2237 927 2316; x_wconf 87' lang='lat' dir='ltr'><strong>torqueri</strong></span> <span class='ocrx_word' id='word_1_153' title='bbox 949 2253 1071 2297; x_wconf 90' lang='lat' dir='ltr'><strong>necesse</strong></span> <span class='ocrx_word' id='word_1_154' title='bbox 1101 2242 1160 2304; x_wconf 88' lang='lat' dir='ltr'><strong>est,</strong></span> <span class='ocrx_word' id='word_1_155' title='bbox 1190 2243 1222 2295; x_wconf 91' lang='lat' dir='ltr'><strong>ut</strong></span> <span class='ocrx_word' id='word_1_156' title='bbox 1245 2244 1331 2315; x_wconf 90' lang='lat' dir='ltr'><strong>aptus</strong></span> 
     </span>
     <span class='ocr_line' id='line_1_19' title="bbox 166 2336 1330 2418; baseline 0.003 -22"><span class='ocrx_word' id='word_1_157' title='bbox 166 2355 273 2397; x_wconf 88' lang='lat' dir='ltr'><strong>sensus</strong></span> <span class='ocrx_word' id='word_1_158' title='bbox 293 2336 432 2414; x_wconf 86' lang='lat' dir='ltr'><strong>prodeat;</strong></span> <span class='ocrx_word' id='word_1_159' title='bbox 456 2338 487 2396; x_wconf 96' lang='lat' dir='ltr'><strong>in</strong></span> <span class='ocrx_word' id='word_1_160' title='bbox 511 2339 549 2398; x_wconf 90' lang='lat' dir='ltr'><strong>iis</strong></span> <span class='ocrx_word' id='word_1_161' title='bbox 565 2345 664 2399; x_wconf 90' lang='lat' dir='ltr'><strong>autem</strong></span> <span class='ocrx_word' id='word_1_162' title='bbox 686 2336 872 2407; x_wconf 88' lang='lat' dir='ltr'><strong>nominibus,</strong></span> <span class='ocrx_word' id='word_1_163' title='bbox 897 2355 972 2416; x_wconf 89' lang='lat' dir='ltr'><strong>quae</strong></span> <span class='ocrx_word' id='word_1_164' title='bbox 993 2336 1133 2397; x_wconf 90' lang='lat' dir='ltr'><strong>desinunt</strong></span> <span class='ocrx_word' id='word_1_165' title='bbox 1155 2337 1187 2396; x_wconf 94' lang='lat' dir='ltr'><strong>in</strong></span> <span class='ocrx_word' id='word_1_166' title='bbox 1210 2336 1330 2418; x_wconf 76' lang='grc' dir='ltr'>-γενήε,</span> 
     </span>
     <span class='ocr_line' id='line_1_20' title="bbox 162 2434 1330 2517; baseline 0.003 -19"><span class='ocrx_word' id='word_1_167' title='bbox 162 2437 276 2513; x_wconf 84' lang='lat' dir='ltr'><strong>illudq</strong></span> <span class='ocrx_word' id='word_1_168' title='bbox 304 2438 365 2498; x_wconf 86' lang='lat' dir='ltr'><strong>vult</strong></span> <span class='ocrx_word' id='word_1_169' title='bbox 397 2437 478 2498; x_wconf 90' lang='lat' dir='ltr'><strong>idem</strong></span> <span class='ocrx_word' id='word_1_170' title='bbox 506 2457 571 2499; x_wconf 88' lang='lat' dir='ltr'><strong>esse</strong></span> <span class='ocrx_word' id='word_1_171' title='bbox 600 2458 635 2500; x_wconf 89' lang='lat' dir='ltr'><strong>ac</strong></span> <span class='ocrx_word' id='word_1_172' title='bbox 661 2457 719 2517; x_wconf 82' lang='lat' dir='ltr'><strong>pro</strong></span> <span class='ocrx_word' id='word_1_173' title='bbox 748 2437 808 2500; x_wconf 88' lang='lat' dir='ltr'><strong>sive</strong></span> <span class='ocrx_word' id='word_1_174' title='bbox 848 2440 880 2498; x_wconf 83' lang='grc' dir='ltr'><strong>1η</strong></span> <span class='ocrx_word' id='word_1_175' title='bbox 908 2440 1019 2508; x_wconf 76' lang='lat' dir='ltr'><strong>luceru,</strong></span> <span class='ocrx_word' id='word_1_176' title='bbox 1051 2444 1083 2496; x_wconf 91' lang='lat' dir='ltr'><strong>ut</strong></span> <span class='ocrx_word' id='word_1_177' title='bbox 1110 2438 1150 2496; x_wconf 90' lang='lat' dir='ltr'><strong>sit</strong></span> <span class='ocrx_word' id='word_1_178' title='bbox 1177 2434 1330 2514; x_wconf 80' lang='grc' dir='ltr'>εὐηγενή(</span> 
     </span>
     <span class='ocr_line' id='line_1_21' title="bbox 165 2536 1329 2618; baseline 0.002 -20"><span class='ocrx_word' id='word_1_179' title='bbox 165 2537 257 2599; x_wconf 80' lang='lat' dir='ltr'><strong>‘bono</strong></span> <span class='ocrx_word' id='word_1_180' title='bbox 280 2538 345 2599; x_wconf 91' lang='lat' dir='ltr'><strong>loco</strong></span> <span class='ocrx_word' id='word_1_181' title='bbox 368 2540 404 2599; x_wconf 93' lang='grc'><strong>13</strong></span> <span class='ocrx_word' id='word_1_182' title='bbox 427 2538 548 2601; x_wconf 86' lang='grc'><strong>133331</strong></span> <span class='ocrx_word' id='word_1_183' title='bbox 572 2541 720 2616; x_wconf 87' lang='lat' dir='ltr'><strong>editus&#39;,</strong></span> <span class='ocrx_word' id='word_1_184' title='bbox 745 2558 804 2602; x_wconf 90' lang='lat' dir='ltr'><strong>non</strong></span> <span class='ocrx_word' id='word_1_185' title='bbox 821 2537 1000 2618; x_wconf 91' lang='lat' dir='ltr'><strong>simpliciter</strong></span> <span class='ocrx_word' id='word_1_186' title='bbox 1015 2538 1105 2599; x_wconf 70' lang='lat' dir='ltr'><strong>‘bono</strong></span> <span class='ocrx_word' id='word_1_187' title='bbox 1120 2536 1185 2599; x_wconf 90' lang='lat' dir='ltr'><strong>loco</strong></span> <span class='ocrx_word' id='word_1_188' title='bbox 1208 2541 1329 2600; x_wconf 88' lang='lat' dir='ltr'><strong>natus’</strong></span> 
     </span>
     <span class='ocr_line' id='line_1_22' title="bbox 166 2635 1330 2721; baseline 0.002 -22"><span class='ocrx_word' id='word_1_189' title='bbox 166 2637 204 2718; x_wconf 78' lang='lat' dir='ltr'><strong>(v.</strong></span> <span class='ocrx_word' id='word_1_190' title='bbox 226 2657 255 2718; x_wconf 92' lang='lat' dir='ltr'><strong>p.</strong></span> <span class='ocrx_word' id='word_1_191' title='bbox 277 2635 341 2718; x_wconf 80' lang='lat'>32).</span> <span class='ocrx_word' id='word_1_192' title='bbox 378 2639 438 2701; x_wconf 90' lang='lat' dir='ltr'><strong>lam</strong></span> <span class='ocrx_word' id='word_1_193' title='bbox 463 2660 532 2702; x_wconf 91' lang='lat' dir='ltr'><strong>vero</strong></span> <span class='ocrx_word' id='word_1_194' title='bbox 554 2661 613 2703; x_wconf 93' lang='lat' dir='ltr'><strong>non</strong></span> <span class='ocrx_word' id='word_1_195' title='bbox 629 2642 722 2704; x_wconf 91' lang='lat' dir='ltr'><strong>audeo</strong></span> <span class='ocrx_word' id='word_1_196' title='bbox 737 2639 893 2721; x_wconf 87' lang='lat' dir='ltr'><strong>equidem,</strong></span> <span class='ocrx_word' id='word_1_197' title='bbox 917 2658 984 2700; x_wconf 94' lang='lat' dir='ltr'><strong>cum</strong></span> <span class='ocrx_word' id='word_1_198' title='bbox 1007 2659 1112 2718; x_wconf 90' lang='lat' dir='ltr'><strong>parum</strong></span> <span class='ocrx_word' id='word_1_199' title='bbox 1136 2643 1251 2718; x_wconf 89' lang='lat' dir='ltr'><strong>peritus</strong></span> <span class='ocrx_word' id='word_1_200' title='bbox 1273 2643 1330 2701; x_wconf 93' lang='lat' dir='ltr'><strong>sim</strong></span> 
     </span>
     <span class='ocr_line' id='line_1_23' title="bbox 164 2741 1329 2820; baseline -0.001 -18"><span class='ocrx_word' id='word_1_201' title='bbox 164 2742 382 2819; x_wconf 88' lang='lat' dir='ltr'><strong>comparativae</strong></span> <span class='ocrx_word' id='word_1_202' title='bbox 405 2741 572 2820; x_wconf 84' lang='lat' dir='ltr'><strong>linguarum</strong></span> <span class='ocrx_word' id='word_1_203' title='bbox 596 2745 754 2811; x_wconf 89' lang='lat' dir='ltr'><strong>scientiae,</strong></span> <span class='ocrx_word' id='word_1_204' title='bbox 782 2742 819 2801; x_wconf 88' lang='lat' dir='ltr'><strong>de</strong></span> <span class='ocrx_word' id='word_1_205' title='bbox 842 2743 981 2802; x_wconf 89' lang='lat' dir='ltr'><strong>universa</strong></span> <span class='ocrx_word' id='word_1_206' title='bbox 1003 2741 1059 2801; x_wconf 91' lang='lat' dir='ltr'><strong>hac</strong></span> <span class='ocrx_word' id='word_1_207' title='bbox 1081 2743 1228 2803; x_wconf 92' lang='lat' dir='ltr'><strong>sententia</strong></span> <span class='ocrx_word' id='word_1_208' title='bbox 1251 2742 1329 2802; x_wconf 92' lang='lat' dir='ltr'><strong>indi-</strong></span> 
     </span>
     <span class='ocr_line' id='line_1_24' title="bbox 164 2841 1330 2921; baseline 0 -19"><span class='ocrx_word' id='word_1_209' title='bbox 164 2844 244 2903; x_wconf 91' lang='lat' dir='ltr'><strong>cium</strong></span> <span class='ocrx_word' id='word_1_210' title='bbox 267 2841 381 2913; x_wconf 89' lang='lat' dir='ltr'><strong>lacere,</strong></span> <span class='ocrx_word' id='word_1_211' title='bbox 411 2843 463 2904; x_wconf 91' lang='lat' dir='ltr'><strong>sed</strong></span> <span class='ocrx_word' id='word_1_212' title='bbox 486 2844 642 2912; x_wconf 86' lang='lat' dir='ltr'><strong>nonnulla,</strong></span> <span class='ocrx_word' id='word_1_213' title='bbox 672 2851 706 2904; x_wconf 92' lang='lat' dir='ltr'><strong>ut</strong></span> <span class='ocrx_word' id='word_1_214' title='bbox 732 2845 860 2921; x_wconf 82' lang='lat' dir='ltr'><strong>ingenue</strong></span> <span class='ocrx_word' id='word_1_215' title='bbox 888 2843 998 2913; x_wconf 89' lang='lat' dir='ltr'><strong>latear,</strong></span> <span class='ocrx_word' id='word_1_216' title='bbox 1032 2861 1091 2903; x_wconf 94' lang='lat' dir='ltr'><strong>non</strong></span> <span class='ocrx_word' id='word_1_217' title='bbox 1120 2861 1154 2903; x_wconf 88' lang='lat' dir='ltr'><strong>ea</strong></span> <span class='ocrx_word' id='word_1_218' title='bbox 1183 2848 1267 2912; x_wconf 91' lang='lat' dir='ltr'><strong>sunt,</strong></span> <span class='ocrx_word' id='word_1_219' title='bbox 1296 2850 1330 2903; x_wconf 92' lang='lat' dir='ltr'><strong>ut</strong></span> 
     </span>
     <span class='ocr_line' id='line_1_25' title="bbox 164 2941 1328 3023; baseline -0.001 -19"><span class='ocrx_word' id='word_1_220' title='bbox 164 2943 239 3004; x_wconf 93' lang='lat' dir='ltr'><strong>mihi</strong></span> <span class='ocrx_word' id='word_1_221' title='bbox 261 2941 348 3004; x_wconf 89' lang='lat' dir='ltr'><strong>lacile</strong></span> <span class='ocrx_word' id='word_1_222' title='bbox 376 2943 602 3021; x_wconf 90' lang='lat' dir='ltr'><strong>persuadeatur.</strong></span> <span class='ocrx_word' id='word_1_223' title='bbox 631 2945 704 3005; x_wconf 87' lang='lat' dir='ltr'><strong>Mihi</strong></span> <span class='ocrx_word' id='word_1_224' title='bbox 732 2946 811 3006; x_wconf 90' lang='lat' dir='ltr'><strong>enim</strong></span> <span class='ocrx_word' id='word_1_225' title='bbox 841 2946 872 3004; x_wconf 93' lang='lat' dir='ltr'><strong>in</strong></span> <span class='ocrx_word' id='word_1_226' title='bbox 900 2943 948 3003; x_wconf 92' lang='lat' dir='ltr'><strong>bis</strong></span> <span class='ocrx_word' id='word_1_227' title='bbox 974 2943 1094 3023; x_wconf 90' lang='lat' dir='ltr'><strong>quidem</strong></span> <span class='ocrx_word' id='word_1_228' title='bbox 1117 2942 1328 3020; x_wconf 81' lang='lat' dir='ltr'><strong>nominibusq</strong></span> 
     </span>
     <span class='ocr_line' id='line_1_26' title="bbox 163 3045 1329 3125; baseline -0.002 -19"><span class='ocrx_word' id='word_1_229' title='bbox 163 3047 347 3124; x_wconf 88' lang='lat' dir='ltr'><strong>praepositio</strong></span> <span class='ocrx_word' id='word_1_230' title='bbox 368 3063 493 3123; x_wconf 91' lang='lat' dir='ltr'><strong>prorsus</strong></span> <span class='ocrx_word' id='word_1_231' title='bbox 514 3045 683 3107; x_wconf 89' lang='lat' dir='ltr'><strong>redundare</strong></span> <span class='ocrx_word' id='word_1_232' title='bbox 712 3053 741 3106; x_wconf 90' lang='lat' dir='ltr'><strong>et</strong></span> <span class='ocrx_word' id='word_1_233' title='bbox 763 3062 983 3125; x_wconf 89' lang='lat' dir='ltr'><strong>supervacanea</strong></span> <span class='ocrx_word' id='word_1_234' title='bbox 1012 3063 1077 3106; x_wconf 90' lang='lat' dir='ltr'><strong>esse</strong></span> <span class='ocrx_word' id='word_1_235' title='bbox 1100 3045 1231 3113; x_wconf 88' lang='lat' dir='ltr'><strong>videtur,</strong></span> <span class='ocrx_word' id='word_1_236' title='bbox 1261 3064 1329 3105; x_wconf 90' lang='lat' dir='ltr'><strong>cum</strong></span> 
     </span>
     <span class='ocr_line' id='line_1_27' title="bbox 162 3147 1327 3227; baseline -0.002 -19"><span class='ocrx_word' id='word_1_237' title='bbox 162 3166 240 3227; x_wconf 76' lang='lat' dir='ltr'><strong>(quae</strong></span> <span class='ocrx_word' id='word_1_238' title='bbox 261 3149 344 3208; x_wconf 91' lang='lat' dir='ltr'><strong>notio</strong></span> <span class='ocrx_word' id='word_1_239' title='bbox 366 3149 394 3207; x_wconf 92' lang='lat' dir='ltr'><strong>ei</strong></span> <span class='ocrx_word' id='word_1_240' title='bbox 417 3147 576 3218; x_wconf 88' lang='lat' dir='ltr'><strong>tribuitur,</strong></span> <span class='ocrx_word' id='word_1_241' title='bbox 606 3167 641 3209; x_wconf 90' lang='lat' dir='ltr'><strong>ea</strong></span> <span class='ocrx_word' id='word_1_242' title='bbox 663 3149 722 3208; x_wconf 89' lang='lat' dir='ltr'><strong>iarn</strong></span> <span class='ocrx_word' id='word_1_243' title='bbox 752 3148 817 3225; x_wconf 90' lang='lat' dir='ltr'><strong>ipsa</strong></span> <span class='ocrx_word' id='word_1_244' title='bbox 838 3147 940 3208; x_wconf 88' lang='lat' dir='ltr'><strong>radice</strong></span> <span class='ocrx_word' id='word_1_245' title='bbox 961 3164 1019 3220; x_wconf 88' lang='grc' dir='ltr'><strong>γεν</strong></span> <span class='ocrx_word' id='word_1_246' title='bbox 1046 3149 1205 3226; x_wconf 91' lang='lat' dir='ltr'><strong>perspicue</strong></span> <span class='ocrx_word' id='word_1_247' title='bbox 1228 3148 1327 3223; x_wconf 86' lang='lat' dir='ltr'><strong>expri-</strong></span> 
     </span>
     <span class='ocr_line' id='line_1_28' title="bbox 162 3247 1330 3328; baseline -0.003 -18"><span class='ocrx_word' id='word_1_248' title='bbox 162 3256 276 3319; x_wconf 88' lang='lat' dir='ltr'><strong>matur,</strong></span> <span class='ocrx_word' id='word_1_249' title='bbox 308 3254 339 3309; x_wconf 89' lang='lat' dir='ltr'><strong>et</strong></span> <span class='ocrx_word' id='word_1_250' title='bbox 366 3251 444 3310; x_wconf 89' lang='lat' dir='ltr'><strong>seire</strong></span> <span class='ocrx_word' id='word_1_251' title='bbox 465 3250 599 3326; x_wconf 90' lang='lat' dir='ltr'><strong>prolecto</strong></span> <span class='ocrx_word' id='word_1_252' title='bbox 626 3249 729 3320; x_wconf 88' lang='lat' dir='ltr'><strong>velim,</strong></span> <span class='ocrx_word' id='word_1_253' title='bbox 757 3267 828 3308; x_wconf 91' lang='lat' dir='ltr'><strong>num</strong></span> <span class='ocrx_word' id='word_1_254' title='bbox 856 3247 927 3328; x_wconf 91' lang='lat' dir='ltr'><strong>quid</strong></span> <span class='ocrx_word' id='word_1_255' title='bbox 956 3249 1141 3308; x_wconf 86' lang='lat' dir='ltr'><strong>discriminis</strong></span> <span class='ocrx_word' id='word_1_256' title='bbox 1162 3248 1330 3308; x_wconf 88' lang='lat' dir='ltr'><strong>intercedat</strong></span> 
     </span>
     <span class='ocr_line' id='line_1_29' title="bbox 162 3345 1328 3428; baseline -0.001 -18"><span class='ocrx_word' id='word_1_257' title='bbox 162 3349 417 3427; x_wconf 81' lang='grc' dir='ltr'><strong>13131νεηγενή&lt;</strong></span> <span class='ocrx_word' id='word_1_258' title='bbox 442 3348 470 3428; x_wconf 79' lang='grc' dir='ltr'><strong>(δ</strong></span> <span class='ocrx_word' id='word_1_259' title='bbox 492 3346 565 3427; x_wconf 87' lang='grc'>336)</span> <span class='ocrx_word' id='word_1_260' title='bbox 589 3357 619 3411; x_wconf 87' lang='grc'><strong>31</strong></span> <span class='ocrx_word' id='word_1_261' title='bbox 641 3348 794 3426; x_wconf 77' lang='grc' dir='ltr'>νεογενή(</span> <span class='ocrx_word' id='word_1_262' title='bbox 818 3347 933 3426; x_wconf 79' lang='grc'><strong>(1133311.</strong></span> <span class='ocrx_word' id='word_1_263' title='bbox 957 3349 1029 3410; x_wconf 85' lang='lat' dir='ltr'><strong>Cho.</strong></span> <span class='ocrx_word' id='word_1_264' title='bbox 1045 3345 1137 3426; x_wconf 79' lang='lat'><strong>530),</strong></span> <span class='ocrx_word' id='word_1_265' title='bbox 1160 3351 1240 3410; x_wconf 86' lang='lat' dir='ltr'><strong>inter</strong></span> <span class='ocrx_word' id='word_1_266' title='bbox 1260 3347 1328 3411; x_wconf 88' lang='grc' dir='ltr'><strong>Πυ-</strong></span> 
     </span>
     <span class='ocr_line' id='line_1_30' title="bbox 162 3447 1326 3531; baseline -0.006 -17"><span class='ocrx_word' id='word_1_267' title='bbox 162 3449 298 3528; x_wconf 79' lang='grc' dir='ltr'>ληγενή(</span> <span class='ocrx_word' id='word_1_268' title='bbox 321 3451 362 3530; x_wconf 78' lang='lat' dir='ltr'><strong>(h.</strong></span> <span class='ocrx_word' id='word_1_269' title='bbox 386 3450 439 3530; x_wconf 79' lang='lat' dir='ltr'><strong>Ap.</strong></span> <span class='ocrx_word' id='word_1_270' title='bbox 461 3447 533 3531; x_wconf 87' lang='lat'>398)</span> <span class='ocrx_word' id='word_1_271' title='bbox 558 3459 588 3512; x_wconf 92' lang='lat' dir='ltr'><strong>et</strong></span> <span class='ocrx_word' id='word_1_272' title='bbox 608 3449 810 3527; x_wconf 81' lang='grc' dir='ltr'>Πυλοιγενή(</span> <span class='ocrx_word' id='word_1_273' title='bbox 834 3450 868 3530; x_wconf 83' lang='grc' dir='ltr'><strong>(Β</strong></span> <span class='ocrx_word' id='word_1_274' title='bbox 890 3447 942 3511; x_wconf 84' lang='grc'><strong>54.</strong></span> <span class='ocrx_word' id='word_1_275' title='bbox 965 3448 995 3511; x_wconf 84' lang='grc' dir='ltr'>Ψ</span> <span class='ocrx_word' id='word_1_276' title='bbox 1015 3447 1099 3530; x_wconf 85' lang='grc'>303),</span> <span class='ocrx_word' id='word_1_277' title='bbox 1128 3452 1205 3511; x_wconf 90' lang='lat' dir='ltr'><strong>scire</strong></span> <span class='ocrx_word' id='word_1_278' title='bbox 1229 3450 1326 3517; x_wconf 89' lang='lat' dir='ltr'><strong>velim,</strong></span> 
     </span>
     <span class='ocr_line' id='line_1_31' title="bbox 162 3549 1328 3632; baseline -0.003 -19"><span class='ocrx_word' id='word_1_279' title='bbox 162 3572 217 3614; x_wconf 90' lang='lat' dir='ltr'><strong>cur</strong></span> <span class='ocrx_word' id='word_1_280' title='bbox 246 3571 303 3613; x_wconf 93' lang='lat' dir='ltr'><strong>non</strong></span> <span class='ocrx_word' id='word_1_281' title='bbox 332 3554 422 3613; x_wconf 90' lang='lat' dir='ltr'><strong>etiam</strong></span> <span class='ocrx_word' id='word_1_282' title='bbox 451 3572 506 3632; x_wconf 88' lang='lat' dir='ltr'><strong>pro</strong></span> <span class='ocrx_word' id='word_1_283' title='bbox 534 3551 682 3630; x_wconf 70' lang='grc' dir='ltr'>διογενής</span> <span class='ocrx_word' id='word_1_284' title='bbox 704 3549 989 3628; x_wconf 78' lang='grc' dir='ltr'><strong>11133131111ηγενήε</strong></span> <span class='ocrx_word' id='word_1_285' title='bbox 1017 3559 1068 3611; x_wconf 90' lang='lat' dir='ltr'><strong>aut</strong></span> <span class='ocrx_word' id='word_1_286' title='bbox 1094 3549 1252 3627; x_wconf 77' lang='grc' dir='ltr'>νεήγονοε</span> <span class='ocrx_word' id='word_1_287' title='bbox 1274 3568 1328 3627; x_wconf 93' lang='lat' dir='ltr'><strong>pro</strong></span> 
     </span>
     <span class='ocr_line' id='line_1_32' title="bbox 160 3652 1327 3733; baseline -0.004 -16"><span class='ocrx_word' id='word_1_288' title='bbox 160 3652 336 3733; x_wconf 72' lang='grc' dir='ltr'>νεόγονος,</span> <span class='ocrx_word' id='word_1_289' title='bbox 365 3653 505 3715; x_wconf 87' lang='grc'><strong>33131113</strong></span> <span class='ocrx_word' id='word_1_290' title='bbox 528 3657 643 3715; x_wconf 84' lang='grc'><strong>1311333</strong></span> <span class='ocrx_word' id='word_1_291' title='bbox 666 3654 752 3715; x_wconf 83' lang='lat' dir='ltr'><strong>radix</strong></span> <span class='ocrx_word' id='word_1_292' title='bbox 778 3671 836 3727; x_wconf 88' lang='grc' dir='ltr'><strong>γεν</strong></span> <span class='ocrx_word' id='word_1_293' title='bbox 857 3655 889 3712; x_wconf 93' lang='grc'><strong>13</strong></span> <span class='ocrx_word' id='word_1_294' title='bbox 912 3654 1084 3729; x_wconf 89' lang='lat' dir='ltr'><strong>compositis</strong></span> <span class='ocrx_word' id='word_1_295' title='bbox 1110 3669 1165 3729; x_wconf 90' lang='lat' dir='ltr'><strong>pro</strong></span> <span class='ocrx_word' id='word_1_296' title='bbox 1194 3669 1225 3711; x_wconf 90' lang='lat' dir='ltr'><strong>se</strong></span> <span class='ocrx_word' id='word_1_297' title='bbox 1249 3659 1327 3712; x_wconf 88' lang='lat' dir='ltr'><strong>stare</strong></span> 
     </span>
     <span class='ocr_line' id='line_1_33' title="bbox 155 3754 1327 3833; baseline -0.003 -17"><span class='ocrx_word' id='word_1_298' title='bbox 155 3765 221 3817; x_wconf 87' lang='lat' dir='ltr'><strong>&#39;non</strong></span> <span class='ocrx_word' id='word_1_299' title='bbox 244 3773 332 3833; x_wconf 91' lang='lat' dir='ltr'><strong>posse</strong></span> <span class='ocrx_word' id='word_1_300' title='bbox 355 3755 501 3817; x_wconf 84' lang='lat' dir='ltr'><strong>videatur.</strong></span> <span class='ocrx_word' id='word_1_301' title='bbox 531 3755 631 3816; x_wconf 86' lang='lat' dir='ltr'><strong>llonec</strong></span> <span class='ocrx_word' id='word_1_302' title='bbox 653 3757 746 3832; x_wconf 82' lang='lat' dir='ltr'><strong>igitur</strong></span> <span class='ocrx_word' id='word_1_303' title='bbox 768 3754 842 3814; x_wconf 89' lang='lat' dir='ltr'><strong>haec</strong></span> <span class='ocrx_word' id='word_1_304' title='bbox 865 3755 1013 3814; x_wconf 90' lang='lat' dir='ltr'><strong>sententia</strong></span> <span class='ocrx_word' id='word_1_305' title='bbox 1036 3755 1131 3831; x_wconf 85' lang='lat' dir='ltr'><strong>magis</strong></span> <span class='ocrx_word' id='word_1_306' title='bbox 1153 3754 1327 3814; x_wconf 82' lang='lat' dir='ltr'><strong>confirmata</strong></span> 
     </span>
     <span class='ocr_line' id='line_1_34' title="bbox 161 3854 1326 3934; baseline -0.003 -17"><span class='ocrx_word' id='word_1_307' title='bbox 161 3859 236 3927; x_wconf 91' lang='lat' dir='ltr'><strong>erit,</strong></span> <span class='ocrx_word' id='word_1_308' title='bbox 271 3855 374 3916; x_wconf 93' lang='lat' dir='ltr'><strong>licebit</strong></span> <span class='ocrx_word' id='word_1_309' title='bbox 407 3857 526 3917; x_wconf 88' lang='lat' dir='ltr'><strong>interim</strong></span> <span class='ocrx_word' id='word_1_310' title='bbox 560 3856 670 3917; x_wconf 88' lang='grc'><strong>11111331</strong></span> <span class='ocrx_word' id='word_1_311' title='bbox 699 3855 943 3917; x_wconf 82' lang='lat' dir='ltr'><strong>&#39;emendationem</strong></span> <span class='ocrx_word' id='word_1_312' title='bbox 979 3854 1203 3929; x_wconf 90' lang='lat' dir='ltr'><strong>commendare,</strong></span> <span class='ocrx_word' id='word_1_313' title='bbox 1238 3873 1326 3934; x_wconf 89' lang='lat' dir='ltr'><strong>quam</strong></span> 
     </span>
     <span class='ocr_line' id='line_1_35' title="bbox 161 3955 1325 4036; baseline -0.004 -17"><span class='ocrx_word' id='word_1_314' title='bbox 161 3958 346 4036; x_wconf 89' lang='lat' dir='ltr'><strong>splendidam</strong></span> <span class='ocrx_word' id='word_1_315' title='bbox 370 3976 436 4019; x_wconf 91' lang='lat' dir='ltr'><strong>esse</strong></span> <span class='ocrx_word' id='word_1_316' title='bbox 460 3965 491 4018; x_wconf 88' lang='lat' dir='ltr'><strong>et</strong></span> <span class='ocrx_word' id='word_1_317' title='bbox 513 3975 627 4018; x_wconf 89' lang='lat' dir='ltr'><strong>summa</strong></span> <span class='ocrx_word' id='word_1_318' title='bbox 655 3958 742 4018; x_wconf 92' lang='lat' dir='ltr'><strong>laude</strong></span> <span class='ocrx_word' id='word_1_319' title='bbox 772 3958 892 4034; x_wconf 83' lang='lat' dir='ltr'><strong>dignam</strong></span> <span class='ocrx_word' id='word_1_320' title='bbox 920 3959 1048 4017; x_wconf 79' lang='lat' dir='ltr'><strong>nranimo</strong></span> <span class='ocrx_word' id='word_1_321' title='bbox 1071 3961 1116 4017; x_wconf 91' lang='lat' dir='ltr'><strong>est</strong></span> <span class='ocrx_word' id='word_1_322' title='bbox 1139 3955 1325 4024; x_wconf 90' lang='lat' dir='ltr'><strong>documento,</strong></span> 
     </span>
     <span class='ocr_line' id='line_1_36' title="bbox 160 4055 1325 4140; baseline -0.004 -20"><span class='ocrx_word' id='word_1_323' title='bbox 160 4060 239 4140; x_wconf 91' lang='lat' dir='ltr'><strong>quod</strong></span> <span class='ocrx_word' id='word_1_324' title='bbox 262 4077 320 4119; x_wconf 93' lang='lat' dir='ltr'><strong>non</strong></span> <span class='ocrx_word' id='word_1_325' title='bbox 345 4059 431 4119; x_wconf 92' lang='lat' dir='ltr'><strong>modo</strong></span> <span class='ocrx_word' id='word_1_326' title='bbox 447 4060 612 4120; x_wconf 88' lang='lat' dir='ltr'><strong>sententiae</strong></span> <span class='ocrx_word' id='word_1_327' title='bbox 635 4061 745 4136; x_wconf 91' lang='lat' dir='ltr'><strong>optime</strong></span> <span class='ocrx_word' id='word_1_328' title='bbox 769 4059 908 4117; x_wconf 92' lang='lat' dir='ltr'><strong>convenit</strong></span> <span class='ocrx_word' id='word_1_329' title='bbox 924 4055 1000 4135; x_wconf 77' lang='lat' dir='ltr'><strong>(vide</strong></span> <span class='ocrx_word' id='word_1_330' title='bbox 1017 4056 1175 4117; x_wconf 84' lang='lat' dir='ltr'><strong>Duerrtzeri</strong></span> <span class='ocrx_word' id='word_1_331' title='bbox 1199 4056 1266 4116; x_wconf 91' lang='lat' dir='ltr'><strong>adn.</strong></span> <span class='ocrx_word' id='word_1_332' title='bbox 1290 4055 1325 4115; x_wconf 92' lang='lat' dir='ltr'><strong>ad</strong></span> 
     </span>
     <span class='ocr_line' id='line_1_37' title="bbox 160 4159 1326 4242; baseline -0.005 -21"><span class='ocrx_word' id='word_1_333' title='bbox 160 4161 191 4221; x_wconf 92' lang='lat' dir='ltr'><strong>b.</strong></span> <span class='ocrx_word' id='word_1_334' title='bbox 214 4160 263 4242; x_wconf 83' lang='grc'><strong>1.),</strong></span> <span class='ocrx_word' id='word_1_335' title='bbox 296 4177 400 4220; x_wconf 86' lang='lat' dir='ltr'><strong>verum</strong></span> <span class='ocrx_word' id='word_1_336' title='bbox 430 4162 519 4221; x_wconf 90' lang='lat' dir='ltr'><strong>etiam</strong></span> <span class='ocrx_word' id='word_1_337' title='bbox 549 4159 702 4220; x_wconf 87' lang='lat' dir='ltr'><strong>lenissima</strong></span> <span class='ocrx_word' id='word_1_338' title='bbox 731 4160 893 4219; x_wconf 88' lang='lat' dir='ltr'><strong>mutatione</strong></span> <span class='ocrx_word' id='word_1_339' title='bbox 922 4164 991 4218; x_wconf 90' lang='lat' dir='ltr'><strong>nata</strong></span> <span class='ocrx_word' id='word_1_340' title='bbox 1020 4164 1080 4227; x_wconf 88' lang='lat' dir='ltr'><strong>est,</strong></span> <span class='ocrx_word' id='word_1_341' title='bbox 1116 4175 1183 4217; x_wconf 88' lang='lat' dir='ltr'><strong>oum</strong></span> <span class='ocrx_word' id='word_1_342' title='bbox 1206 4163 1326 4233; x_wconf 89' lang='lat' dir='ltr'><strong>praeter</strong></span> 
     </span>
     <span class='ocr_line' id='line_1_38' title="bbox 161 4257 1326 4337; baseline -0.006 -15"><span class='ocrx_word' id='word_1_343' title='bbox 161 4280 250 4322; x_wconf 90' lang='lat' dir='ltr'><strong>unam</strong></span> <span class='ocrx_word' id='word_1_344' title='bbox 260 4261 392 4322; x_wconf 89' lang='lat' dir='ltr'><strong>litteram</strong></span> <span class='ocrx_word' id='word_1_345' title='bbox 404 4261 477 4321; x_wconf 92' lang='lat' dir='ltr'><strong>nihil</strong></span> <span class='ocrx_word' id='word_1_346' title='bbox 491 4259 664 4321; x_wconf 88' lang='lat' dir='ltr'><strong>mutandum</strong></span> <span class='ocrx_word' id='word_1_347' title='bbox 677 4267 764 4321; x_wconf 88' lang='lat' dir='ltr'><strong>esset.</strong></span> <span class='ocrx_word' id='word_1_348' title='bbox 780 4257 921 4337; x_wconf 76' lang='grc' dir='ltr'>Ἄφενο(</span> <span class='ocrx_word' id='word_1_349' title='bbox 933 4267 1031 4320; x_wconf 88' lang='lat' dir='ltr'><strong>autern</strong></span> <span class='ocrx_word' id='word_1_350' title='bbox 1044 4278 1103 4319; x_wconf 91' lang='lat' dir='ltr'><strong>non</strong></span> <span class='ocrx_word' id='word_1_351' title='bbox 1115 4258 1244 4318; x_wconf 90' lang='lat' dir='ltr'><strong>alienum</strong></span> <span class='ocrx_word' id='word_1_352' title='bbox 1260 4274 1326 4316; x_wconf 89' lang='lat' dir='ltr'><strong>esse</strong></span> 
     </span>
    </p>
   </div>
   <div class='ocr_carea' id='block_1_3' title="bbox 160 4353 1327 4506">
    <p class='ocr_par' dir='ltr' id='par_1_3' title="bbox 160 4353 1327 4506">
     <span class='ocr_line' id='line_1_39' title="bbox 160 4353 1327 4439; baseline -0.007 -15"><span class='ocrx_word' id='word_1_353' title='bbox 160 4383 177 4424; x_wconf 91' lang='lat' dir='ltr'><strong>a</strong></span> <span class='ocrx_word' id='word_1_354' title='bbox 200 4362 375 4424; x_wconf 91' lang='lat' dir='ltr'><strong>nominibus</strong></span> <span class='ocrx_word' id='word_1_355' title='bbox 397 4363 570 4439; x_wconf 86' lang='lat' dir='ltr'><strong>compositis</strong></span> <span class='ocrx_word' id='word_1_356' title='bbox 584 4361 730 4438; x_wconf 91' lang='lat' dir='ltr'><strong>probatur</strong></span> <span class='ocrx_word' id='word_1_357' title='bbox 745 4360 792 4420; x_wconf 88' lang='grc'><strong>1113</strong></span> <span class='ocrx_word' id='word_1_358' title='bbox 808 4360 896 4420; x_wconf 88' lang='lat' dir='ltr'><strong>locis:</strong></span> <span class='ocrx_word' id='word_1_359' title='bbox 910 4361 1022 4421; x_wconf 79' lang='lat' dir='ltr'><strong>Gallim.</strong></span> <span class='ocrx_word' id='word_1_360' title='bbox 1039 4360 1138 4438; x_wconf 83' lang='lat' dir='ltr'><strong>hymn.</strong></span> <span class='ocrx_word' id='word_1_361' title='bbox 1161 4359 1192 4417; x_wconf 92' lang='lat' dir='ltr'><strong>in</strong></span> <span class='ocrx_word' id='word_1_362' title='bbox 1209 4357 1267 4417; x_wconf 88' lang='lat' dir='ltr'><strong>lov.</strong></span> <span class='ocrx_word' id='word_1_363' title='bbox 1285 4353 1327 4418; x_wconf 90' lang='lat'><strong>84</strong></span> 
     </span>
     <span class='ocr_line' id='line_1_40' title="bbox 1107 4460 1123 4506; baseline 0 0"><span class='ocrx_word' id='word_1_364' title='bbox 1107 4460 1123 4506; x_wconf 86' lang='lat'>4</span> 
     </span>
    </p>
   </div>
   <div class='ocr_carea' id='block_1_4' title="bbox 0 0 1674 5164">
    <p class='ocr_par' dir='ltr' id='par_1_4' title="bbox 0 0 1674 5164">
     <span class='ocr_line' id='line_1_41' title="bbox 0 0 1674 5164; baseline 0 3"><span class='ocrx_word' id='word_1_365' title='bbox 0 0 1674 5164; x_wconf 95' lang='lat' dir='ltr'><strong> </strong></span> 
     </span>
    </p>
   </div>
  </div>
 </body>
</html>
