3340 5164
696 387 843 484 „83-

189 599 244 642 sno
266 599 327 641 non
350 580 490 640 defuisse.
535 578 637 657 ltaque
661 574 724 654 ἅμα
752 579 967 638 sententiarum
996 595 1109 636 conexu
1139 593 1199 636 non
1221 583 1280 636 tam
1297 593 1353 648 ¹ne-

190 685 320 742 cessario
349 681 529 758 postulatur,
564 687 597 740 ut
629 678 733 740 abesse
767 697 855 757 posse
884 696 1043 756 negemuS,
1078 680 1103 737 si
1131 685 1256 755 propter
1280 677 1352 736 alias

190 800 297 844 causas
317 783 349 842 in
372 783 427 843 hac
450 801 521 843 voce
551 782 661 842 mutari
689 781 801 860 aliquid
828 798 951 841 necesse
980 781 1027 839 sit.
1072 779 1134 838 Hoc
1163 788 1261 838 autem
1288 779 1354 838 lieri

189 892 324 964 oportet,
349 902 417 944 cum
433 882 525 944 verbo
541 880 747 960 ἀναρριπτεῖν
764 885 828 943 sine
844 882 964 943 obiecto
980 880 1115 941 absolute
1130 882 1228 958 posito
1244 881 1354 940 merito

190 986 387 1047 offendamur.
439 984 512 1046 Nam
541 983 715 1054 Eustatbius
752 1002 819 1044 cum
847 1000 875 1061 p.
902 980 998 1052 1651,
1031 980 1068 1041 17
1097 983 1185 1043 dicit:
1223 978 1284 1059 ὅρα
1316 979 1354 1042 τὸ

190 1085 369 1164 ἀνέρριψαν
390 1083 530 1148 ἐλλιπῶς
551 1083 679 1161 λεχθέν·
708 1083 852 1162 ἀλλαχοῦ
875 1085 910 1147 δέ
940 1085 967 1162 (ν
991 1079 1041 1162 78)
1064 1081 1201 1146 ἐντελῶς
1229 1079 1355 1160 ἐγράφη

190 1185 420 1266 «ἀνερρίπτουν
443 1184 506 1250 ἅλα
528 1188 648 1268 πηδῷ»,
670 1187 864 1247 offensionem
880 1187 1043 1264 significat,
1068 1202 1127 1244 nnn
1142 1185 1233 1255 tollit,
1258 1203 1354 1264 neque

191 1288 361 1351 Nitzscbius
395 1307 492 1368 neque
521 1289 722 1360 lluentzerns,
757 1291 810 1368 qui
845 1306 880 1348 ex
909 1286 1049 1348 omnibus
1078 1286 1247 1348 editoribus
1275 1304 1354 1346 nunc

191 1391 272 1451 solus
304 1388 368 1468 ἅμα
395 1393 537 1461 retinuit,
566 1392 707 1469 cuiquam
736 1389 961 1468 persuadebunt
989 1388 1065 1449 hanc
1094 1388 1212 1467 ellipsin
1246 1389 1354 1449 tolera-

156 1501 161 1510 '
191 1491 282 1552 bilem
315 1507 396 1559 esse,
432 1494 501 1571 quia
533 1509 616 1552 mare
644 1510 703 1551 non
731 1509 818 1569 posse
841 1510 901 1552 nou
926 1490 1060 1568 intellegi
1082 1491 1274 1550 manifestum
1304 1492 1353 1550 sit.

192 1593 269 1653 Huic
290 1596 371 1654 enim
394 1601 569 1671 argumento
599 1592 712 1672 aliquid
737 1592 832 1654 tribui
855 1600 971 1670 posset,
995 1595 1022 1653 si
1044 1592 1180 1653 eiusdem
1204 1592 1288 1652 verbi
1312 1595 1355 1653 sic

192 1697 328 1773 usurpati
349 1694 456 1754 crebra
484 1694 574 1755 nobis
602 1695 735 1774 exempla
764 1695 1006 1773 suppeditarent,
1042 1693 1122 1753 velut
1155 1693 1239 1762 verbi
1268 1712 1355 1755 causa

192 1793 340 1859 ἐλαύνειν
362 1798 639 1876 frequentissimum
664 1805 791 1857 estnon
814 1797 930 1857 adiecto
960 1792 1063 1857 ἵππον
1093 1793 1159 1874 (cir.
1183 1795 1356 1873 llruegerus

192 1915 235 1974 gr.
266 1896 345 1975 gni
375 1893 476 1976 352,
499 1895 534 1968 2,
560 1896 605 1976 1);
633 1916 714 1959 nunc
742 1917 810 1958 cum
838 1901 896 1958 tria
924 1896 1003 1974 apud
1032 1897 1193 1957 Homerum
1222 1897 1355 1976 exempla

192 2001 266 2068 sint,
290 1997 408 2059 duobus
430 2007 529 2059 autem
558 2001 589 2059 iu
611 1998 747 2060 versibus
769 2020 789 2077 q
810 1996 873 2062 328
902 2007 932 2060 et
953 2017 973 2060 ν
996 1994 1036 2058 78
1064 1997 1150 2075 plene
1180 1999 1293 2061 dictum
1317 2003 1356 2060 sil

193 2097 399 2178 ἀναρριπτεῖν
422 2097 484 2163 ἅλα
505 2103 614 2182 πηδῷ,
643 2120 702 2161 που
725 2110 807 2163 reete
833 2101 952 2161 videtur
980 2100 1111 2160 insolens
1132 2101 1206 2161 haec
1229 2109 1259 2161 et
1282 2102 1356 2163 dura

192 2199 306 2280 ellipsis
328 2220 388 2261 uno
411 2201 475 2263 loco
497 2205 617 2280 agnosci
638 2222 738 2282 posse.
776 2203 899 2263 Scilicet
921 2201 1026 2262 eadem
1040 2203 1156 2262 ratione
1172 2202 1272 2263 dicere
1287 2203 1358 2264 licet

193 2305 283 2364 etiam
306 2301 452 2379 τύπτειν,
475 2304 552 2383 quod
578 2323 695 2385 semper
718 2303 868 2365 obiectum
884 2305 1003 2364 asciscit
1019 2300 1091 2383 (ἅλα
1112 2301 1242 2368 τύπτειν
1271 2303 1356 2382 έρετ-

192 2405 288 2484 μοῑς),
312 2404 446 2466 absolute
470 2408 610 2486 usurpari
632 2423 734 2484 posse,
758 2405 811 2466 ubi
834 2423 916 2465 mare
932 2401 1057 2482 cogitari
1080 2424 1116 2464 ex
1139 2409 1357 2467 sententiarum

184 2499 272 2567 ‘nexu
295 2514 325 2567 ct
347 2506 472 2566 consilio
496 2507 625 2577 eluceat,
649 2527 683 2568 ac
706 2508 758 2568 tali
781 2506 867 2569 modo
890 2508 939 2566 vix
961 2506 1156 2576 haberemus
1185 2526 1261 2587 quos
1282 2510 1357 2569 fines

194 2625 227 2668 ac
259 2609 404 2667 terminos
437 2607 550 2686 ellipsis
582 2612 652 2670 usui
692 2611 952 2670 constitueremus.
1003 2607 1102 2678 Quare
1138 2609 1231 2669 multo
1267 2613 1360 2670 satius

195 2709 285 2778 duco,
309 2727 377 2770 cum
400 2708 539 2770 omnibus
561 2711 625 2771 fere
649 2709 817 2772 editoribus
840 2708 1054 2770 recentissimis
1075 2715 1104 2768 et
1126 2728 1193 2770 cum
1215 2709 1356 2791 Kaysero,

194 2811 245 2888 qni
268 2809 372 2870 Philol.
395 2808 486 2870 XVlll
512 2830 541 2890 p.
571 2807 634 2873 665
667 2812 703 2872 de
731 2812 787 2872 hoc
809 2828 897 2872 versu
919 2810 1005 2871 docte
1039 2806 1216 2889 disputarit,
1248 2812 1358 2873 Rhiani

195 2910 435 2972 emendationem
462 2912 606 2989 probare,
635 2932 724 2993 quam
751 2911 815 2991 ἅμα
843 2913 954 2973 frustra
981 2912 1162 2980 defendere,
1192 2913 1271 2992 quod
1299 2933 1359 2974 non

195 3015 305 3073 mirum
329 3024 374 3074 est
397 3016 455 3074 iam
479 3017 696 3092 antiquissimis
717 3014 904 3094 temporibus
927 3033 963 3074 ex
984 3011 1046 3076 ἅλα
1067 3022 1170 3076 natum
1192 3033 1267 3084 esse,
1291 3034 1360 3076 cum
1415 3061 1417 3065 ,

195 3113 358 3176 lldnnbus
379 3114 404 3176 Α
426 3116 642 3177 circumdatum
664 3117 751 3178 facile
773 3115 890 3177 oculum
918 3115 1058 3194 decipere
1086 3123 1116 3176 et
1143 3134 1211 3176 eum
1234 3115 1266 3179 Μ
1290 3136 1358 3178 con·

195 3215 279 3276 fundi
302 3217 442 3292 potuerit.

280 3335 298 3378 r<
322 3313 393 3377 188.
437 3316 470 3378 ln
493 3318 621 3379 insulam
643 3319 747 3382 Circes
769 3338 836 3380 cum
859 3321 1062 3390 advenissent,
1086 3318 1185 3381 Vlixes
1208 3321 1356 3381 sociorum
1365 3324 1412 3388 40

197 3420 334 3478 contione
357 3418 498 3478 advocata
521 3419 592 3498 quid
617 3421 762 3500 optimum
784 3417 863 3483 iactu
887 3429 966 3482 esset
989 3421 1163 3482 declaravit:

241 3516 302 3580 185
323 3516 404 3597 ἦμος
426 3509 590 3596 δ’“ἠέλιος
611 3521 726 3585 κατέδυ
749 3521 801 3584 καὶ
821 3520 875 3585 ἐπὶ
896 3520 1018 3601 κνέφας
1039 3521 1152 3600 ἦλθεν,

325 3621 364 3698 δὴ
386 3619 459 3684 τότε
480 3621 672 3700 κοιμήθημεν
695 3621 749 3685 ἐπὶ
771 3621 897 3701 ῥηγμῖνι
918 3623 1080 3700 θαλὰςςης.

325 3719 405 3798 ἦμος
426 3720 460 3784 δ’
485 3720 646 3800 ἠριγένεια
668 3722 756 3802 φάνη
779 3722 1017 3802 ῥοδοδάκτυλος
1039 3722 1136 3804 Ἠώς,

324 3821 387 3886 καὶ
407 3821 477 3887 τότ’
500 3821 585 3898 ἐγὼν
608 3823 731 3902 ἀγορὴν
754 3825 888 3903 θέμενος
910 3827 988 3904 μετὰ
1011 3827 1127 3889 πᾶςιν
1149 3823 1270 3888 ἔειπον.

199 3925 297 3987 Schol.
319 3922 444 3988 Ῥιανὸς
467 3925 513 4002 δὴ
536 3925 606 3988 τότ’
634 3925 718 4001 ἐγὼν
742 3924 865 4005 ἀγορὴν
888 3927 1020 4006 θέμενος
1048 3926 1126 4002 μετὰ
1156 3928 1280 4002 μῦθον
1303 3925 1361 3990 έει-

199 4046 272 4091 πον.
301 4027 337 4088 Η.
376 4027 449 4088 Cum
483 4046 492 4088 ι
518 4023 577 4088 168
601 4046 664 4106 sqq.
697 4028 788 4090 iidem
821 4047 925 4091 versus
953 4029 1057 4090 eodem
1089 4028 1193 4088 ordine
1214 4027 1361 4106 legantur,

201 4129 333 4191 Rhianus
356 4130 418 4189 sine
442 4128 534 4190 dubio
556 4129 627 4190 huic
650 4147 767 4210 quoque
790 4133 890 4191 versui
914 4131 1039 4192 eandem
1061 4133 1256 4192 mutationem
1279 4131 1363 4191 adhi-

201 4231 302 4290 buisse
330 4231 478 4308 putandus
507 4239 568 4310 est,
598 4250 665 4293 nam
688 4233 719 4293 hi
742 4231 799 4292 loci
828 4234 951 4294 nonita
979 4234 1058 4293 inter
1087 4251 1119 4292 se
1147 4231 1303 4301 differunt,
1332 4241 1365 4293 ut

201 4331 280 4412 quod
302 4331 349 4390 hie
372 4340 438 4408 apte
453 4334 583 4409 positum
598 4351 663 4394 esse
687 4333 835 4404 videatur,
860 4334 920 4395 illic
936 4335 1011 4395 male
1035 4342 1064 4394 et
1080 4351 1236 4412 perperam
1252 4333 1364 4397 dictum

751 4446 756 4453 ’
1198 4435 1213 4482 6
