3340 5164
871 388 914 452 44

830 479 968 486 —-——---

313 584 456 660 cuiusque
479 581 525 640 rei
548 581 670 660 propria
697 581 758 640 sint
786 581 1007 660 praecipueque
1035 581 1067 641 in
1089 589 1282 660 conspectum
1303 584 1424 642 veniant
1446 590 1477 643 et

312 683 497 743 audientium
520 684 635 742 animos
657 681 693 742 ed
717 700 888 760 expressam
911 700 1012 742 rerum
1035 684 1195 760 imaginem
1218 685 1397 760 cogitatione
1421 687 1475 746 lin-

312 785 439 862 gendam
454 801 541 861 quam
557 785 685 844 maxime
707 785 851 852 excitent,
875 785 1053 862 fugientium
1069 785 1197 845 militum
1219 793 1249 844 et
1264 785 1385 846 densam
1401 787 1475 847 mul-

312 886 471 946 titudinem
499 891 529 944 et
548 883 683 945 timidam
709 868 941 964 trepidatiodem
968 885 1075 947 melius
1101 885 1280 965 breviusque
1306 893 1393 966 poeta
1419 888 1476 948 hoc

311 987 376 1047 loco
399 985 571 1047 describere
595 1005 654 1046 non
676 993 808 1065 poterat,
832 1006 920 1066 quam
942 990 983 1049 ita
998 996 1031 1048 ut
1046 989 1198 1065 ingentem
1220 989 1388 1064 fugatorum
1405 1009 1475 1050 con-

312 1107 447 1157 cursum,
480 1090 532 1168 qui
566 1087 601 1147 ad
624 1094 726 1166 portas
747 1086 851 1158 fiebat,
885 1107 953 1150 cum
985 1090 1014 1148 vi
1047 1097 1077 1149 et
1110 1091 1255 1166 gravitate
1279 1092 1472 1166 significaret.

312 1190 426 1262 Quibus
449 1189 485 1249 de
508 1190 606 1250 causis
628 1189 702 1249 illud
724 1187 822 1251 πύλαι
845 1199 931 1269 poeta
959 1190 1051 1250 multo
1080 1190 1199 1268 dignius
1228 1197 1257 1250 et
1280 1192 1365 1268 longe
1388 1211 1475 1272 prae·

311 1293 467 1353 serendum
491 1298 536 1352 est
558 1291 692 1367 vulgatae
722 1291 855 1351 lectioni.
900 1290 1088 1362 curavero?
1125 1292 1192 1353 dico
1219 1291 1312 1355 odit(
1339 1313 1376 1353 ne
1401 1295 1476 1356 terri

312 1393 431 1471 quidem
453 1411 551 1472 posse.
596 1393 639 1452 An
663 1399 708 1452 est
723 1389 816 1453 πόλι(
839 1391 872 1454 δ’
900 1389 1042 1470 ἔμπλητο
1066 1391 1211 1456 ἀλέντων
1235 1394 1315 1454 alind
1338 1414 1426 1474 quam
1450 1399 1475 1456 si

315 1495 397 1555 dicas
419 1492 454 1556 ἐν
477 1497 515 1574 τῇ
537 1491 631 1556 πόλει
652 1477 730 1557 ἄλεν
760 1494 805 1554 vel
828 1491 989 1556 etteovrot
1026 1494 1068 1555 lta
1098 1501 1129 1555 ut
1144 1502 1300 1574 postquam
1316 1499 1347 1556 in
1369 1497 1475 1556 urbem

312 1597 495 1666 introissent,
519 1594 562 1656 ibi
577 1597 712 1674 ipsorum
728 1595 916 1657 multitudine
932 1597 1160 1674 premerentur?
1182 1599 1220 1658 At
1234 1597 1291 1656 hoc
1307 1615 1384 1676 nego
1407 1606 1475 1676 apte

311 1697 458 1777 quadrare
481 1699 512 1757 in
535 1698 685 1757 notionem
707 1695 793 1756 urbis
816 1699 1000 1775 maximeque
1021 1696 1129 1758 Troiae
1152 1699 1366 1778 amplissimae,
1390 1702 1476 1760 cuius

312 1799 465 1860 sollemnia
489 1805 559 1860 sunt
591 1799 721 1877 epitheta
753 1795 860 1874 εὐρεῖα
892 1804 922 1858 et
960 1795 1141 1875 εὐρυάγυια.
1186 1799 1361 1879 Vbicunque
1395 1804 1474 1861 enim

311 1898 426 1977 ἀλῆναι
448 1918 515 1961 cum
537 1901 756 1979 praepositione
779 1902 912 1979 quietem
934 1895 1102 1970 indicante,
1132 1899 1211 1960 velut
1233 1898 1280 1963 ἐνί
1302 1910 1332 1962 et
1354 1899 1406 1964 ἐπί
1428 1921 1475 1962 se·

311 2009 420 2082 quente
443 2003 540 2063 dativo
562 2003 712 2079 iungitur,
741 2001 823 2061 locus
850 2009 991 2078 angustos
1019 2003 1218 2079 significetur,
1247 2005 1278 2062 in
1307 2023 1365 2083 quo
1388 2003 1475 2064 multi

311 2105 448 2165 homines
470 2105 636 2183 compressi
658 2104 721 2182 ipsa
743 2103 934 2163 multitudine
958 2119 1022 2164 sese
1045 2103 1210 2182 impediant
1233 2111 1263 2164 et
1284 2104 1473 2182 perturbent,

311 2216 344 2267 ut
366 2203 418 2268 ἐπὶ
440 2204 631 2288 πρύμνῃειν,
654 2202 764 2268 ἔνδοθι
786 2201 934 2285 πύργων,
958 2203 1005 2267 ἐνὶ
1027 2205 1113 2283 coda,
1143 2212 1172 2265 at
1195 2205 1231 2265 de
1257 2209 1366 2266 ceteris
1389 2207 1474 2276 locis,

311 2326 386 2387 quae
409 2314 533 2384 angusta
549 2326 608 2367 non
625 2314 702 2376 suot,
719 2309 955 2385 praepositiones
970 2312 1083 2367 motum
1099 2307 1266 2368 indicantes
1281 2317 1473 2388 usurpantur,

311 2415 344 2469 ut
366 2411 405 2469 sit
433 2405 530 2471 εἴλειν
559 2409 589 2469 id
617 2409 696 2488 quod
726 2407 903 2488 compellere
926 2409 1083 2469 hominum
1111 2409 1331 2471 multitudinem
1359 2412 1391 2470 in
1420 2410 1474 2471 ali·

311 2529 400 2590 quem
422 2510 535 2571 locum:
566 2512 610 2571 sic
638 2513 667 2570 in
697 2509 843 2588 exemplis
870 2528 959 2589 supra
988 2509 1084 2571 allatis
1107 2510 1218 2570 dicitur
1245 2508 1289 2573 εἰ(
1317 2509 1474 2593 ποταμόν,

311 2610 390 2674 κατὰ
412 2609 531 2692 τείχεα,
554 2610 634 2673 κατὰ
657 2608 749 2691 decu,
773 2613 816 2670 sic
838 2613 870 2671 in
892 2613 1064 2672 narratione
1087 2611 1176 2672 buius
1198 2613 1285 2690 lugae
1309 2615 1413 2692 ipsius,
1436 2615 1474 2673 de

311 2732 368 2793 qua
391 2713 446 2773 boc
469 2711 533 2772 loco
556 2716 671 2790 agitur,
695 2712 780 2772 initio
802 2714 988 2792 insequentis
1009 2711 1081 2773 libri
1105 2711 1130 2776 Χ
1155 2709 1193 2772 12
1216 2714 1355 2791 legimus:
1380 2713 1413 2777 οἳ
1434 2713 1473 2791 δή

310 2833 361 2878 τοι
382 2811 437 2878 εἰ(
458 2811 549 2878 dcco
571 2811 668 2877 ἄλεν
691 2814 719 2874 lr.
745 2833 771 2874 e.
795 2816 853 2876 iam
876 2817 908 2874 io
932 2813 1037 2874 orbern
1066 2814 1210 2893 compulsi
1238 2823 1308 2876 sunt
1330 2813 1383 2894 (sie
1406 2817 1472 2877 sind

311 2916 402 2977 sebon
431 2918 462 2976 in
491 2915 539 2976 die
562 2916 646 2976 Stadt
671 2915 810 2985 binein·,
842 2913 1128 2992 zurichgedringt),
1158 2934 1218 2976 non
1245 2935 1303 2996 quo
1326 2917 1473 2979 urbstam

311 3024 434 3095 angusta
468 3019 520 3087 sit,
555 3025 588 3077 ut
619 3018 773 3078 hominum
800 3018 915 3096 copiam
936 3035 1052 3096 capere
1085 3035 1145 3077 non
1181 3019 1288 3096 possit,
1323 3019 1375 3079 sed
1404 3021 1473 3098 quia

310 3118 510 3179 Troianorum
538 3120 671 3180 conlerta
702 3119 859 3179 multitudo
889 3119 925 3178 ab
948 3111 1128 3179 Achivis'in
1158 3120 1257 3197 lugam
1286 3123 1420 3181 coniecta
1443 3128 1474 3181 et

309 3239 364 3300 per
385 3227 487 3300 portas
509 3223 540 3281 in
565 3219 670 3280 orbem
693 3220 843 3299 compulsa
867 3228 922 3281 est.
967 3221 1008 3280 Ac
1030 3228 1186 3299 praeterea
1210 3223 1278 3299 quis
1300 3224 1366 3282 iure
1389 3223 1472 3282 dixe·

309 3324 362 3391 rit,
386 3329 498 3381 vastam
520 3321 602 3381 illam
624 3320 729 3400 urbem
752 3329 820 3400 post
841 3339 970 3402 pugnam
993 3322 1099 3383 iisdem
1124 3321 1284 3393 militibus,
1309 3341 1383 3401 quos
1405 3331 1472 3384 ante

308 3440 440 3504 pugnem
461 3425 539 3484 intra
563 3423 679 3484 moenia
707 3425 920 3494 continuisset,
949 3431 1008 3484 tam
1037 3423 1179 3484 relectam
1201 3424 1309 3494 luisse,
1339 3433 1370 3486 ut
1391 3426 1471 3504 ipso-

306 3529 376 3586 rum
399 3525 556 3587 multitudo
579 3527 618 3585 iis
639 3525 853 3603 impedimento
876 3525 972 3586 esset?
999 3525 1180 3586 Praesertim
1210 3543 1279 3585 oum
1308 3545 1345 3586 ne
1369 3545 1472 3586 omnes

308 3628 445 3707 quidem,
474 3630 525 3706 qui
554 3628 590 3688 ad
618 3626 765 3706 proelium
788 3627 1031 3688 committendum
1054 3629 1205 3695 exierant,
1235 3629 1267 3687 in
1295 3627 1401 3688 urbem
1423 3646 1470 3687 re-

309 3729 424 3797 dirent,
448 3730 688 3810 quandoquidem
712 3729 872 3808 permultis
895 3732 1002 3790 occisis
1024 3747 1167 3790 numerus
1190 3747 1292 3790 eorum
1314 3730 1470 3790 vehemen-

310 3836 355 3889 ter
378 3829 550 3889 deminutus
572 3839 645 3889 crat.

875 3997 905 4062 3.

394 4135 536 4214 Sequitur
558 4134 700 4214 deinceps
726 4135 885 4196 lectionum
914 4137 1013 4215 copia,
1042 4154 1115 4216 quas
1142 4142 1242 4197 utrum
1264 4136 1397 4198 Rhianus
1419 4155 1471 4197 suo

309 4237 401 4297 Marte
423 4243 453 4297 et
475 4235 669 4297 coniectando
691 4237 824 4297 inventas
846 4240 981 4317 posuerit
1010 4256 1046 4298 an
1068 4240 1240 4299 vetustioris
1260 4238 1388 4300 alicuius
1408 4239 1470 4299 edi·

308 4339 411 4409 tionis,
435 4357 511 4419 quae
527 4345 645 4400 enotata
660 4356 720 4400 non
736 4347 797 4410 est,
821 4340 877 4400 fide
894 4340 1015 4410 doctus,
1033 4340 1091 4401 alto
1107 4339 1334 4401 scholiastarum
1350 4340 1469 4400 silentio
