3340 5164
839 401 989 500 ΕΞ..

331 595 459 675 Λοκρόν
475 591 565 661 ὄντα.
590 594 725 675 Denique
742 593 875 655 scholion
891 592 1003 653 codicis
1018 591 1056 651 V:
1079 587 1137 655 τόν
1160 587 1195 654 ἐν
1211 588 1406 669 Μυρμιδόειν
1430 585 1498 669 tm·

332 720 415 765 ττον.
452 697 643 777 ἑνηρίθμητο
670 695 733 772 γὰρ
768 691 895 774 αὐτοῖτ,
930 690 957 756 εἰ
989 691 1040 756 καὶ
1068 691 1191 770 Λοκρότ
1217 690 1275 772 ἦν,
1307 693 1496 774 ibidemque:

331 800 465 866 δόναται
488 800 525 863 δὲ
548 795 765 876 Μυρμιδόνων
795 794 900 871 λέγειν
921 794 979 858 τόν
1001 792 1130 871 ἄριττον
1158 789 1231 858 οἷον
1258 793 1313 870 nic
1336 792 1498 872 Μυρμιδό-

331 921 399 966 νων
427 901 585 980 ττρατιᾶε.
616 898 666 962 διὸ
694 897 747 960 καὶ
774 896 919 975 ἅριττον,
948 893 988 958 οὐ
1015 894 1145 972 κρείττω
1173 891 1272 958 εἶπεν.
1315 895 1359 955 Ex
1380 895 1429 955 bis
1450 897 1497 956 in-

331 1004 516 1082 tellegimus,
539 1000 688 1081 duplicem
712 998 864 1060 veteribus
884 999 975 1059 luisse
991 997 1185 1059 offensionem
1207 998 1239 1057 in
1261 995 1397 1057 versibus
1418 997 1497 1058 istis:

307 1107 455 1167 ‘alteram
477 1103 558 1184 quod
581 1101 749 1170 Patroclus,
774 1099 933 1161 choeride
948 1099 1075 1178 Opuntia
1098 1098 1256 1165 oriundus,
1280 1097 1498 1177 Myrmidonum

331 1208 414 1286 genti
436 1206 698 1271 adnumeraretur,
728 1202 852 1262 alteram
876 1200 955 1280 quod
983 1199 1020 1259 ab
1043 1200 1107 1278 ipso
1130 1198 1256 1268 Achille,
1286 1201 1336 1278 qui
1359 1199 1440 1260 solos
1463 1217 1498 1260 ea

332 1307 529 1389 appellatione
552 1305 703 1365 videretur
725 1303 831 1379 dignus
854 1320 930 1369 esse,
954 1300 1171 1379 Myrmidonum
1194 1301 1374 1361 fortissimus
1396 1301 1497 1380 appel·

331 1410 455 1472 leretur.
500 1409 632 1469 Athaco
655 1410 829 1482 argumenta
858 1403 917 1463 iam
939 1402 970 1462 in
992 1402 1112 1462 scholiis
1139 1410 1220 1462 recte
1250 1403 1396 1463 infirmata
1419 1410 1498 1463 sunt.

332 1511 407 1573 Nam
430 1509 601 1577 Patroclus,
626 1524 693 1567 cum
716 1505 785 1566 inde
802 1523 817 1565 a
833 1505 938 1584 primis
952 1503 1097 1583 pueritiae
1120 1503 1204 1564 annis
1225 1520 1285 1564 non
1308 1502 1403 1564 solum
1425 1504 1499 1565 edu·

332 1612 456 1674 calionis
477 1608 702 1676 commuuione,
732 1624 836 1666 verum
859 1606 947 1666 etiam
970 1605 1072 1665 intima
1094 1605 1292 1667 familiaritate
1315 1615 1344 1666 et
1365 1607 1499 1666 fraterno

333 1715 462 1794 quodam
491 1729 592 1773 amore
621 1727 689 1769 cum
713 1707 824 1769 Achille
853 1709 1031 1787 coniunctus
1058 1715 1137 1766 esset
1164 1714 1194 1766 et
1221 1725 1280 1766 una
1308 1724 1375 1767 cnm
1403 1708 1499 1768 amico

335 1818 460 1894 eiusque
484 1813 617 1874 exercitu
639 1817 788 1890 pugnaret
815 1819 845 1869 et
865 1809 896 1868 in
925 1823 1057 1869 extremo
1080 1809 1241 1868 certamine
1269 1808 1353 1869 ducis
1374 1826 1498 1869 munere

333 1919 526 1996 iungeretur,
559 1915 661 1992 quidni
692 1911 910 1990 Myrmidonum
951 1927 1016 1970 esse
1050 1908 1107 1970 dici
1129 1910 1248 1989 posset?
1282 1909 1393 1970 lleinde
1427 1927 1499 1968 vero

333 2037 400 2079 cum
424 2016 527 2077 Thetis
554 2015 590 2076 ad
618 2012 763 2074 Achillem
789 2012 887 2072 locuta
914 2010 1014 2071 verbis
1042 2012 1108 2073 εεῖο
1135 2011 1278 2075 ζώοντοε
1304 2011 1384 2072 hunc
1411 2029 1499 2071 exce-

332 2121 427 2200 perit,
457 2123 687 2177 consentaneum
711 2120 769 2187 est,
800 2111 942 2173 Achillem
966 2113 1089 2190 cogitari
1117 2131 1176 2172 non
1205 2130 1307 2193 posse,
1337 2112 1387 2173 sed
1417 2131 1496 2187 eum,

333 2222 385 2301 qui
406 2209 472 2299 ipso
505 2223 629 2296 excepto
657 2217 737 2276 inter
764 2215 895 2294 reliquos
927 2213 1129 2293 Myrmidones
1150 2212 1341 2294 Llortissimus
1378 2214 1430 2283 sil,
1466 2221 1499 2274 ut

333 2322 485 2401 aptissime
500 2318 691 2380 Aristarchus
714 2315 882 2376 observavit
903 2313 962 2379 τὸν
985 2311 1114 2392 ἄριετον
1132 2315 1189 2376 hcc
1211 2315 1276 2376 leco
1292 2333 1357 2376 esse
1372 2314 1402 2375 id
1417 2315 1497 2393 quod

332 2421 391 2486 τὸν
414 2418 487 2500 μετ’
509 2417 609 2482 αὐτὸν
633 2415 770 2495 ἄριττον.
800 2416 933 2496 lienique
956 2423 1179 2496 peropportune
1202 2417 1342 2477 meditata
1364 2423 1409 2476 est
1424 2417 1497 2478 hacc

334 2522 476 2584 orationis
498 2519 676 2597 ambiguitas
698 2526 727 2579 et
749 2520 884 2597 apposita
904 2517 943 2596 ad
966 2519 1185 2579 vaticinationis
1214 2515 1437 2587 obscuritatem,
1465 2523 1499 2577 ut

333 2625 492 2685 adnotatur
514 2623 544 2681 in
567 2621 631 2680 cod.
649 2619 687 2680 B:
711 2618 848 2682 πιθανὸν
871 2618 906 2681 δὲ
928 2617 965 2681 τὸ
989 2618 1028 2696 μὴ
1045 2615 1196 2696 όνομαετὶ
1216 2617 1289 2696 περὶ
1305 2615 1496 2696 Πατρόκλου

332 2721 557 2804 προειρηκέναι
588 2719 646 2798 τὴν
686 2718 794 2784 Θέτιν·
830 2719 882 2783 καὶ
913 2718 973 2796 γὰρ
1007 2717 1026 2782 ὁ
1059 2723 1124 2782 τῶν
1157 2722 1304 2798 χρηεμιῖιν
1337 2718 1497 2797 χαρακτὴρ

333 2827 500 2903 cotosmor,
524 2820 679 2901 ἐχόμενα(
700 2825 758 2885 τοῦ
781 2820 975 2901 ἀμφιβόλου,
1003 2821 1084 2882 etin
1108 2822 1173 2882 eod.
1198 2825 1235 2882 A:
1259 2819 1368 2898 χαρίεν
1390 2819 1497 2904 τούτῳ

333 2933 378 3011 τῷ
405 2925 518 3007 τρόπῳ
546 2924 715 3000 προειπεῖν
742 2923 799 3000 τὴν
828 2920 938 2985 Θέτιν·
976 2919 1015 2985 οὐ
1034 2922 1103 2999 Ιγὰρ
1133 2921 1285 3000 ἐβούλετο
1312 2921 1350 2986 τὸ
1378 2921 1510 3012 μέλλονΙ

334 3027 570 3102 ἐπιτελεεθῆναι
598 3022 729 3086 πόντωτ
755 3021 791 3086 ἐκ
817 3025 944 3085 πολλοῦ
967 3025 1164 3100 προειποῦτα
1186 3023 1301 3087 λυπεῖν
1328 3023 1386 3088 τὸν
1414 3020 1496 3087 υἱόν.

333 3126 478 3205 ἐπίτηδεε
500 3125 535 3188 δὲ
559 3124 660 3189 εἰπεῖν
682 3123 719 3186 τὸ
745 3122 961 3202 Μυρμιδόνων
989 3123 1047 3186 τόν
1076 3121 1220 3202 όριετον,
1247 3123 1301 3188 ἵνα
1328 3125 1369 3202 μὴ
1397 3143 1496 3203 φανε-

334 3233 400 3307 prbe
423 3225 497 3309 εἴπῃ
524 3227 582 3290 τόν
603 3224 808 3302 Πάτροκλον.
853 3225 950 3295 Quare
979 3225 1110 3286 Rhianus
1138 3227 1163 3286 si
1190 3226 1277 3287 nullis
1307 3228 1371 3288 aliis
1399 3231 1497 3288 causis

334 3333 422 3392 uirus
444 3336 503 3398 est,
527 3329 598 3388 satis
621 3335 733 3388 temere
757 3334 787 3386 et
815 3327 1034 3388 inconsiderate
1064 3329 1140 3405 egit,
1168 3331 1346 3407 praesertim
1370 3347 1437 3390 cum
1460 3348 1496 3389 ne

335 3431 542 3493 antecedentia
570 3429 691 3507 quidem
719 3426 810 3488 verba
839 3429 948 3488 intacta
977 3429 1135 3508 reliquisse
1166 3429 1312 3508 putandus
1339 3432 1394 3490 sit:
1421 3419 1496 3491 'narn

334 3552 401 3595 cum
425 3533 503 3593 salva
525 3533 671 3598 orationis
693 3531 918 3589 continuatione
946 3530 976 3589 hi
1006 3530 1065 3589 due
1086 3548 1191 3591 versus
1218 3532 1409 3591 exterminari
1437 3550 1495 3592 nou

334 3642 469 3715 possent,
499 3631 660 3693 clausulam
689 3649 792 3691 versus
815 3629 834 3691 9
863 3632 902 3690 ita
931 3638 1047 3690 mutare
1076 3633 1247 3692 necessario
1274 3639 1394 3692 coactus
1422 3642 1495 3702 erat,

335 3743 367 3795 ut
389 3734 539 3794 mutilatae
562 3733 705 3793 orationis
733 3733 847 3812 specics
874 3732 961 3812 plane
984 3742 1191 3803 evanesceret;
1221 3751 1255 3794 ac
1284 3734 1409 3794 forsitan
1432 3753 1496 3794 rnu-

335 3837 457 3896 tationis
479 3834 542 3894 eius
563 3835 687 3910 vestigia
710 3833 846 3910 indagari
875 3836 991 3912 possint
1012 3835 1043 3893 in
1067 3834 1180 3896 scholio
1209 3835 1244 3895 ad
1267 3853 1293 3894 v.
1319 3832 1354 3896 9:
1391 3833 1495 3898 διεπέ-

334 3939 439 4016 φραδε
466 3933 516 3997 καί
543 3952 596 4010 μοι
623 3931 744 3996 ἔειπεν·
777 3930 891 4012 ὅμοιόν
920 3931 984 3997 ἐττι
1012 3939 1058 4018 τῷ
1088 3933 1189 3999 ιέποε
1219 3933 1251 3998 τ’
1279 3934 1378 4013 ἔφατ’
1400 3933 1436 3998 ἔκ
1462 3934 1496 3997 τ’

334 4036 514 4115 ὀνόμαζεν»
540 4035 598 4114 (Β),
623 4054 698 4116 quae
721 4034 811 4097 verba
834 4036 911 4097 dicta
935 4055 1000 4098 esse
1023 4038 1120 4098 videri
1143 4046 1268 4116 possunt
1290 4037 1326 4098 ad
1355 4037 1495 4098 reiellen·

334 4142 405 4200 dum
427 4139 572 4199 editorem
602 4137 748 4215 aliquem,
777 4140 828 4218 qui
854 4138 930 4198 hanc
958 4139 1138 4199 locutionem
1170 4147 1341 4199 mutaverat
1385 4139 1494 4198 Verum

334 4242 409 4302 mihi
443 4242 533 4300 etiam
568 4238 656 4300 aliam
690 4257 814 4319 eamque
848 4241 1016 4317 graviorem
1045 4239 1185 4300 albetesis
1213 4257 1331 4300 causam
1361 4239 1496 4300 Rhianus

334 4342 473 4402 hahuisse
490 4341 619 4408 videtur,
637 4359 724 4420 quarn
741 4340 925 4402 berentnerus
940 4343 968 4400 in
991 4342 1060 4401 edil.
1086 4341 1120 4400 ad
1137 4341 1166 4400 b.
1184 4342 1202 4400 l.
1219 4343 1323 4420 paucis
1338 4340 1494 4401 indicavit:
