3340 5164
863 321 905 384 56

302 513 490 590 potissimum
514 519 650 589 tempore
667 510 770 572 Thetis
789 511 819 570 id
842 517 1091 590 conquereretur,
1115 512 1194 591 quod
1210 519 1385 574 eventurum
1401 532 1467 576 esso
1531 495 1534 501 ¹

303 611 414 674 dudum
438 615 585 691 cognovit.
598 609 634 691 ⁴²)
938 674 940 678 .

252 707 298 774 20
388 711 414 776 Ω
435 710 506 776 584.
549 715 676 776 Achilles
697 714 810 776 Priami
833 713 990 776 adventum
1019 722 1194 796 exspectans
1216 716 1338 779 ancillas
1359 717 1466 780 ilecto-

303 819 347 877 ris
368 835 478 898 corpus
501 824 652 895 turpatum
674 816 772 877 lavare
795 823 825 877 et
846 834 959 894 ungere
989 825 1019 878 et
1041 835 1058 878 e
1085 820 1180 896 patris
1202 828 1363 899 conspectu
1385 839 1466 882 amo·

302 937 373 980 vere
394 903 492 988 iubet,
515 937 554 978 ne
576 920 603 978 is
625 918 679 979 lilii
702 919 802 996 specie
825 924 978 995 permotus
999 920 1044 978 ira
1068 919 1256 981 exardescat:

429 1020 469 1096 μὴ
492 1016 511 1082 ὁ
535 1019 592 1097 μὲν
616 1016 778 1100 ἀχνυμένῃ
800 1017 911 1101 κραδίῃ
934 1017 1058 1096 χόλον
1081 1016 1141 1082 οὐκ
1163 1018 1309 1099 ἐρόεαιτο
1663 1105 1664 1108 ¹

429 1123 529 1184 παῖδα
551 1118 645 1201 ἰδών,
668 1118 785 1198 Ἀχιλῆι
808 1118 842 1182 b'
865 1118 1003 1197 ὀρινθείη
1027 1120 1126 1199 φίλον
1149 1121 1228 1200 ἦτορ
1256 1153 1258 1160 ·

429 1221 480 1286 καί
501 1220 517 1286 ἑ
539 1220 764 1302 κατακτείνειε,
786 1219 868 1284 Διὸ(
890 1220 924 1284 δ’
950 1219 1091 1300 ἀλίτηται
1114 1221 1263 1302 ἐφετμάς.
1663 1223 1664 1240 ’

304 1341 401 1403 Schol.
426 1339 552 1404 Ῥιανόε
574 1339 712 1421 κόλον,
735 1337 767 1402 οἱ
788 1339 824 1402 δὲ
845 1338 985 1404 κόπον.
1009 1339 1143 1419 ἄμεινον
1163 1342 1199 1406 δὲ
1220 1342 1334 1426 γόον,
1355 1343 1410 1409 ἵνα
1425 1347 1466 1425 μὴ
1661 1367 1662 1370 ’

302 1441 527 1521 ὑπερπαθήεαε
549 1439 758 1519 καταράεηται
779 1440 922 1520 Ἀχιλλεῖ.
945 1443 977 1502 V.
1014 1443 1098 1514 Quod
1121 1445 1170 1505 hic
1185 1445 1301 1506 Rhiano
1324 1447 1467 1510 tribuitur

302 1544 401 1610 κόλον
424 1564 492 1605 cum
515 1545 670 1606 commodo
686 1544 850 1606 intellectu.
860 1561 983 1622 prorsus
1004 1544 1178 1606 destitutum
1201 1549 1255 1616 sit,
1280 1547 1316 1609 ab
1339 1567 1375 1610 eo
1395 1568 1467 1631 pro-

303 1649 413 1709 iectum
435 1667 500 1709 esse
523 1649 623 1726 putari
646 1649 764 1726 nequit,
794 1649 972 1724 praesertim
995 1665 1063 1707 cum
1085 1648 1219 1709 codicem
1242 1650 1265 1709 V
1287 1652 1377 1711 etiam
1400 1651 1467 1714 aliis

301 1751 376 1811 locis
397 1750 499 1811 mullis
521 1751 658 1810 vitiatum
681 1766 746 1809 esse
776 1755 906 1816 constet;
937 1756 1093 1828 praeterea
1122 1752 1211 1810 etiam
1239 1749 1359 1832 κόπον,
1387 1755 1466 1833 quod

303 1852 354 1912 alii
378 1850 493 1912 dedisse
516 1851 669 1920 seruntur,
698 1851 839 1910 idoneum
863 1858 923 1920 est,
947 1850 1024 1930 quod
1049 1859 1219 1928 suspectum
1248 1851 1374 1932 habeas,
1398 1873 1467 1916 nam

302 1971 369 2013 cum
393 1951 469 2030 apud
493 1952 655 2011 Homerum
677 1970 736 2010 non
759 1948 890 2028 legatur,
914 1959 976 2012 tum
999 1970 1069 2013 vero
1091 1951 1267 2033 plerumque
1290 1973 1378 2015 sensu
1399 1973 1468 2034 pas-

302 2056 365 2115 sivo
388 2052 594 2114 lassitudinem
616 2052 744 2121 indicat,
770 2070 828 2112 uno
852 2053 999 2124 inversu,
1024 2055 1075 2133 qui
1098 2054 1156 2114 huc
1171 2056 1323 2133 pertinere
1338 2057 1466 2128 videtur,

290 2139 406 2216 bosch.
431 2153 532 2233 Suppl.
558 2174 583 2214 ν.
606 2150 670 2214 209
693 2171 817 2214 numero
839 2153 947 2232 plurali
976 2153 1175 2234 deplangere
1204 2154 1254 2216 illo
1277 2155 1467 2227 dictumest,

302 2275 361 2336 quo
384 2258 499 2336 antiqui
522 2258 657 2316 homines
680 2274 846 2316 maerorem
870 2273 956 2316 suum
986 2256 1144 2334 designare
1167 2257 1311 2318 solebant.
1355 2258 1412 2318 Sed
1435 2267 1469 2320 ut

302 2379 338 2420 ex
360 2359 416 2419 hac
438 2359 545 2418 iudicii
568 2357 740 2418 difficultate
770 2375 824 2417 nos
851 2357 1059 2437 expediamus
1089 2359 1204 2439 reliqua
1231 2378 1307 2440 quae
1330 2360 1365 2420 nd
1388 2360 1469 2421 hunc

302 2480 420 2522 versum
452 2458 562 2522 hadita
596 2466 666 2519 sunt
696 2459 807 2519 scholia
840 2461 872 2520 in
901 2459 1043 2520 auxilium
1075 2478 1222 2520 vocemus.
1266 2461 1303 2521 Et
1325 2461 1469 2541 Didymus

301 2563 419 2642 quidem
436 2561 599 2622 adnotavit:
623 2557 659 2623 ἔν
674 2579 732 2623 τιτι
747 2557 867 2625 κότον
883 2557 923 2622 οὐ
938 2557 1120 2637 κατερύκοι·
1135 2558 1267 2639 ἄμεινον
1283 2561 1319 2625 δὲ
1333 2562 1467 2640 χόλον.

302 2667 341 2735 Α;
373 2664 410 2725 ad
437 2663 640 2724 Herodianum
674 2662 846 2724 releruntur
873 2663 963 2723 haec:
1001 2660 1116 2740 χόλον·
1144 2660 1342 2739 Ἡρωδιανὸς
1368 2663 1467 2740 γόον

300 2763 426 2845 γράφει.
459 2766 558 2828 ποῖον
579 2763 642 2841 γὰρ
669 2759 766 2826 οὗτοι
794 2761 861 2839 εἶχε
883 2761 1002 2844 χόλον,
1035 2759 1062 2826 εἰ
1083 2763 1123 2841 μὴ
1153 2764 1277 2841 μᾶλλον
1304 2762 1401 2845 γόον,
1431 2767 1466 2826 Β.

302 2869 343 2929 Ex
378 2868 425 2928 bis
446 2874 543 2946 patet,
577 2865 796 2926 Aristarchi
829 2864 1002 2927 auctoritate
1033 2864 1179 2943 vulgatam
1212 2885 1277 2928 esse
1309 2868 1468 2930 lectionem

301 2967 442 3046 χόλον,
465 2987 532 3028 cum
563 2967 613 3027 alii
641 2964 754 3047 κότον,
785 2967 862 3046 quod
892 2969 968 3028 iram
997 2968 1085 3028 etiam
1114 2970 1281 3044 graviorem
1309 2971 1466 3046 significat,

302 3070 395 3131 scribi
426 3070 560 3138 mallent,
590 3068 794 3129 Herodianum
822 3086 892 3127 vero
922 3070 1044 3128 reiectis
1072 3069 1120 3132 his
1146 3069 1326 3130 lectionibus
1353 3070 1468 3132 duabus

301 3169 383 3247 γόον
406 3170 746 3232 accommodatissimum
770 3189 835 3230 esse
859 3172 1007 3230 statuisse.
1046 3170 1106 3231 lam
1129 3189 1196 3230 curn
1219 3173 1245 3230 is
1265 3174 1318 3252 qui
1333 3172 1467 3236 scholion

303 3273 415 3334 codicis
436 3275 459 3332 V
482 3271 616 3352 scripsit,
645 3278 674 3332 et
702 3272 764 3350 ipse
787 3273 909 3332 reiectis
930 3270 1110 3332 lectionibus
1133 3270 1261 3342 duabus,
1290 3290 1363 3352 quas
1386 3292 1466 3334 com-

303 3376 493 3443 memoravit,
522 3372 691 3433 Herodiano
714 3373 893 3450 suffragetur
922 3380 951 3433 et
979 3374 1028 3433 vix
1057 3373 1124 3434 aliis
1151 3373 1248 3452 iisque
1268 3373 1468 3436 uberioribus

301 3476 436 3538 lontibus
459 3476 501 3536 uti
516 3476 662 3554 potuerit,
686 3475 771 3534 facile
791 3475 924 3534 nascitur
953 3474 1091 3551 suspitio,
1118 3471 1249 3539 ΚΟΛΟΝ
1273 3481 1303 3535 et
1327 3473 1465 3538 ΚΟΠΟΝ

303 3580 460 3658 depravata
483 3597 548 3639 esse
571 3595 606 3637 er
630 3574 765 3640 ΧΟΛΟΝ
790 3583 819 3635 et
843 3573 990 3645 ΚΟΤΟΝ,
1018 3594 1093 3656 quae
1115 3575 1254 3653 leguntur
1277 3575 1353 3656 apud
1377 3577 1466 3657 Didy-

303 3697 398 3750 mum,
423 3682 471 3740 cui
495 3679 613 3760 quidem
638 3680 796 3758 suspitioni
826 3679 925 3738 lavere
948 3679 1036 3738 etiam
1066 3679 1212 3739 rationem
1241 3676 1465 3757 palaeographi-

302 3798 365 3840 cam
390 3781 457 3859 quis
480 3788 525 3840 est
547 3784 619 3860 quin
642 3780 759 3841 videat?
796 3779 876 3839 llaec
899 3797 970 3839 vero
994 3781 1124 3839 sirecte
1153 3781 1286 3839 coniecta
1316 3787 1399 3850 sunt,
1428 3779 1465 3840 ad

369 4031 414 4098 42)
433 4027 563 4083 Ceterum
580 4028 669 4083 Maur.
687 4026 898 4084 Schmidtius
915 4027 1084 4098 suspicatur,
1102 4029 1242 4084 Rhianum
1254 4029 1363 4084 veteres
1379 4027 1466 4084 libros

302 4116 429 4170 secutum
448 4130 521 4181 esse,
539 4113 636 4168 Philol.
648 4113 687 4167 IX
703 4132 730 4183 p.
749 4121 812 4168 433:
832 4122 924 4168 ‘wenn
940 4113 1063 4168 Rhianus
1079 4115 1148 4181 τάχ’
1165 4116 1265 4181 ἔμελλε
1282 4113 1332 4181 las,
1350 4130 1380 4168 so
1398 4114 1466 4168 land

303 4217 333 4254 er
351 4217 380 4256 es
397 4201 469 4254 eben
486 4199 515 4252 in
532 4197 623 4264 MSS„
646 4199 702 4252 und
719 4197 875 4265 Aristareh,
905 4198 955 4251 der
978 4214 1007 4252 es
1031 4198 1101 4254 eben
1124 4215 1155 4253 so
1174 4201 1226 4270 gut
1244 4197 1336 4252 finden
1352 4199 1465 4266 konnle,

302 4285 417 4340 riitlelte
435 4284 512 4340 nieht
529 4283 637 4340 daran)
