3340 5164
190 557 275 599 suam
298 556 334 597 er
364 555 380 599 ε
401 533 421 596 9
444 539 586 614 sumpsit,
610 553 665 614 pro
688 551 761 613 vaga
784 535 835 595 illa
857 537 1001 608 termula,
1025 555 1114 618 quam
1137 538 1233 597 oratio
1257 539 1355 598 cuius-

190 639 264 700 libet
286 641 454 718 argumenti
477 640 563 718 sequi
585 645 701 717 potest,
725 636 907 700 substituere
923 640 1062 700 maluisse
1085 639 1275 719 locutionem,
1299 658 1355 718 qua

190 761 250 823 quo
283 759 372 801 sensu
396 740 525 819 Neptuni
558 738 646 799 verba
677 738 755 798 dicta
783 748 899 811 essent,
934 744 1033 803 statim
1056 740 1258 808 indicaretur;
1292 742 1356 820 ipse

190 862 262 904 vero
283 844 383 904 hausit
404 860 441 902 ex
462 840 492 903 Ψ
513 836 576 902 438
599 839 670 905 τὸν
697 839 761 903 καὶ
781 839 963 905 νεικείων
986 839 1134 920 πραιέφη
1156 841 1271 906 ξανθόε
1294 840 1356 905 Με-

189 944 327 1024 νέλαοε,
349 962 439 1023 quem
461 960 580 1003 versum
603 944 693 1003 etiam
716 943 809 1021 magis
837 945 971 1004 imitatus
994 950 1055 1014 est,
1085 946 1110 1004 si
1133 943 1228 1003 codici
1251 943 1356 1004 Toun-

191 1049 289 1108 leiano
310 1045 399 1107 fidem
422 1045 532 1106 habere
555 1043 639 1119 licet,
663 1044 827 1105 seeundum
849 1064 939 1125 quem
960 1044 1069 1124 legisse
1092 1045 1210 1106 videtur
1232 1043 1290 1107 τὸν
1306 1043 1357 1108 καὶ

191 1146 333 1213 νεικείων
365 1144 512 1225 προεέφη
545 1143 626 1208 ἔπεα
659 1144 844 1222 πτερόεντα
890 1147 991 1207 Simile
1025 1155 1072 1208 est
1103 1164 1206 1208 versus
1237 1147 1355 1208 initium

191 1269 209 1328 ρ
234 1246 274 1310 74
295 1247 364 1312 τὸν
387 1247 450 1310 καὶ
469 1245 623 1324 Πείραιοε
644 1245 803 1324 πρότερα(
825 1245 908 1324 πρόε
929 1250 1030 1326 μῦθον
1052 1245 1170 1311 ἔειπεν.
1208 1248 1357 1310 Particula

190 1362 290 1412 autem
312 1348 362 1412 καί
384 1348 456 1430 quid
484 1349 531 1409 his
560 1349 634 1410 locis
657 1348 764 1418 valeat,
799 1355 880 1410 recte
910 1350 1054 1410 indicavit
1076 1349 1276 1421 DuentzeruS,
1306 1352 1357 1431 qui

191 1453 228 1514 ad
251 1452 281 1515 Ψ
301 1448 364 1514 438
386 1455 466 1513 iuter
494 1470 526 1512 se
549 1453 659 1530 opponi
683 1449 757 1511 dixit
784 1457 815 1511 et
837 1450 1052 1512 adlocutionem
1081 1459 1111 1512 et
1133 1451 1255 1512 verbum
1278 1451 1357 1532 quod

191 1555 353 1617 antecessit
374 1551 525 1632 μεθέηκεν
549 1550 696 1616 ἐλαύνειν
721 1550 758 1632 (v.
781 1549 870 1632 434p
894 1553 1042 1615 consimili
1058 1553 1145 1616 modo
1167 1561 1270 1615 nostro
1291 1553 1356 1615 loco

191 1656 347 1736 Neptunus
368 1655 498 1716 Aeneam
520 1673 580 1715 non
602 1662 715 1715 tantum
740 1655 918 1725 servavisse,
941 1655 994 1716 sed
1017 1658 1128 1718 ctiam
1152 1654 1356 1734 obiurgavisse

191 1758 313 1821 dicitur.
360 1757 497 1818 Ceterum
520 1756 720 1825 Duentzerus,
744 1774 921 1836 quamquam
945 1755 1052 1820 Zenud.
1076 1776 1105 1836 p.
1130 1753 1192 1818 132
1207 1756 1356 1818 Zenodeto

190 1858 412 1922 assentiendum
435 1876 500 1918 esse
523 1858 693 1927 contendit,
717 1858 746 1918 id
769 1859 847 1937 qued
863 1856 1001 1937 probavit
1022 1865 1125 1937 postea
1148 1859 1237 1919 etiarn
1260 1859 1354 1918 Maur.

190 1961 373 2022 Schmidtius
388 1958 827 2021 ‘Aristarchisch-Homerische
842 1959 985 2021 Excurse’
1002 1961 1033 2020 in
1049 1959 1236 2020 Fleckeiseni
1256 1961 1353 2021 annal.

192 2058 274 2124 1856
296 2082 325 2141 p.
342 2057 393 2132 89,
417 2069 515 2122 tamen
538 2062 568 2121 in
592 2060 753 2122 editionem
777 2078 860 2121 suam
883 2062 1019 2140 recipere
1042 2063 1107 2122 eius
1121 2061 1277 2123 lectionem
1300 2062 1353 2122 du·

191 2163 304 2226 hitevit.

276 2260 376 2326 985.
422 2264 479 2324 Iris
502 2284 519 2326 a
546 2265 614 2325 Iove
642 2265 680 2325 ad
703 2262 860 2325 Thetidem
882 2267 971 2325 missa
1000 2266 1201 2346 infrequenti
1231 2257 1406 2326 dearumlll

191 2369 408 2428 maritimarum
431 2374 519 2427 coetu
541 2385 607 2426 eam
623 2365 745 2426 Achillis
767 2366 820 2427 filii
841 2367 934 2427 latum
959 2367 1116 2428 deflentem
1141 2369 1269 2444 invenit:

798 2465 817 2543 ἡ
841 2466 875 2529 δ’
897 2464 944 2529 ἑνὶ
966 2465 1075 2549 μέεεῃε

318 2569 405 2632 κλαῖε
427 2566 529 2646 μόρον
553 2565 593 2630 οὗ
615 2568 731 2633 παιδὸς
754 2567 920 2647 ἀμύμονα(
927 2616 937 2649 ,
960 2566 1002 2632 dc
1025 2567 1062 2630 ol
1084 2566 1250 2648 ἔμελλεν

317 2668 460 2748 φθίεεεθ’
481 2668 517 2732 ἐν
539 2669 637 2752 Τροίῃ
659 2668 842 2749 ἐριβώλακι,
869 2668 978 2747 τηλόθι
1001 2668 1130 2747 πάτρης.

190 2773 289 2836 Schol.
311 2769 347 2835 ἐν
369 2775 407 2851 τῇ
430 2769 509 2834 κατὰ
531 2768 658 2834 Ῥιανόν
682 2770 725 2834 dc
747 2769 832 2848 τάχ’
853 2770 1029 2847 ἔμελλεν.
1051 2772 1085 2831 Α.
1110 2771 1211 2832 Primo
1233 2782 1354 2851 aspectu

191 2876 316 2936 tortasse
351 2872 518 2934 credideris
550 2872 696 2934 Rhianum
731 2879 765 2934 ut
793 2891 810 2933 a
839 2875 988 2953 scriptura
1016 2872 1162 2933 tralaticia
1189 2872 1354 2944 recederet,

189 2978 275 3040 hiatu
303 2974 461 3036 adductum
494 2991 576 3043 esse,
606 2973 656 3053 qui
679 2981 725 3034 est
746 2976 826 3034 inter
855 2971 886 3036 οἱ
913 2981 944 3035 et
966 2971 1076 3052 ἔμελλε
1099 3008 1141 3017 -
1169 2972 1206 3034 de
1235 2992 1293 3054 qua
1320 2994 1354 3036 re

190 3078 243 3138 cir.
267 3077 290 3137 Ι.
312 3075 353 3137 La
375 3074 481 3136 Rochii
509 3073 629 3135 libellus
659 3074 752 3138 ‘iiber
779 3075 836 3137 den
866 3075 971 3136 Hiatus
999 3075 1058 3135 und
1087 3073 1136 3135 die
1158 3073 1273 3137 Elision
1296 3084 1352 3138 eet.

190 3180 240 3241 bei
262 3179 387 3247 Homer,
415 3177 503 3237 Wien
528 3173 621 3238 1860’
645 3196 673 3255 p.
696 3172 739 3236 24
759 3212 815 3245 -,
845 3176 897 3237 sed
928 3178 1001 3237 mihi
1027 3165 1146 3257 quidem
1169 3179 1263 3256 magis
1284 3197 1353 3259 pro·

191 3282 292 3351 batur,
327 3298 394 3340 eum
423 3280 587 3340 sententiae
616 3279 706 3340 huius
734 3279 792 3339 loci
821 3296 997 3340 succurrere
1031 3297 1155 3359 eamque
1189 3278 1297 3341 melius
1324 3289 1354 3342 et

189 3386 287 3464 aptius
308 3383 478 3461 exprimere
499 3397 586 3459 posse
610 3378 669 3439 sibi
693 3382 787 3440 visum
810 3397 884 3440 esse.
930 3379 1033 3460 Neque
1056 3382 1135 3441 enim
1159 3381 1228 3442 ideo
1250 3381 1354 3443 Thetis

189 3487 339 3555 lacrimat,
362 3481 439 3563 quod
462 3483 554 3544 tilium
577 3499 662 3542 suum
694 3481 729 3542 ad
752 3480 872 3542 Troiam
901 3481 1006 3562 procul
1029 3500 1046 3542 a
1068 3483 1162 3562 patria
1185 3484 1352 3559 periturum

189 3606 254 3648 esse
277 3588 381 3653 sentit;
411 3584 581 3664 quodcum
610 3585 667 3643 iam
690 3582 782 3643 multo
810 3590 878 3644 ante
907 3584 1013 3653 sciret,
1043 3602 1132 3662 quam
1158 3584 1214 3643 hoc
1242 3583 1352 3644 bellum
1385 3657 1389 3664 Ι

188 3691 406 3767 susciperetur,
431 3688 489 3746 iam
513 3685 624 3746 dudum
647 3684 802 3762 deplorare
831 3691 947 3762 poterat
974 3692 1193 3762 praematuram
1215 3693 1352 3756 mortem,

189 3809 277 3872 quam
307 3788 437 3850 Achilles
469 3786 626 3847 subiturus
659 3796 737 3854 crat;
775 3786 826 3846 sed
866 3805 933 3846 cum
973 3785 1117 3846 decimo
1154 3805 1248 3847 anno
1281 3786 1352 3848 belli

188 3894 347 3954 Hectore
377 3890 503 3948 occiso
531 3887 651 3948 Troiam
680 3907 758 3948 nrox
781 3889 964 3964 ¹eustinctum
1001 3890 1039 3948 iri
1067 3888 1145 3948 haud
1175 3891 1294 3966 ignoret
1323 3899 1353 3949 et

189 4010 361 4076 supremum
394 3990 473 4050 diem
500 3989 561 4049 filio
595 4006 709 4067 prope
744 3990 894 4048 instare
929 3991 1026 4050 animo
1049 3992 1233 4069 praesagiat,
1270 3997 1351 4050 tanta

189 4095 336 4159 maestitia
376 4091 485 4154 alssicta
530 4099 593 4160 est,
635 4095 667 4150 ut
703 4090 853 4150 funestum
891 4087 963 4150 illud
1009 4099 1127 4172 tempus
1162 4092 1350 4162 lamentetur,

188 4218 247 4281 quo
280 4192 387 4257 Achilli
415 4212 431 4253 e
464 4195 522 4254 vita
557 4191 769 4253 discedendum
803 4194 870 4253 crit.
922 4192 1004 4253 Hane
1037 4195 1130 4272 igitur
1162 4193 1199 4254 ob
1232 4210 1350 4255 causam

188 4299 269 4379 τάχα
292 4294 381 4376 (mox)
405 4293 540 4372 scripsit,
570 4301 671 4372 utpote
694 4311 752 4373 quo
785 4295 938 4371 aptissime
971 4292 1185 4374 explicaretur,
1219 4313 1273 4356 cur
1296 4295 1351 4357 hnc
