3340 5164
770 421 809 485 13

719 513 723 516 -
736 511 862 518 ψ...-

205 615 326 674 iunctus
346 614 464 674 demum
481 615 613 682 servitio,
637 613 667 674 h.
684 631 711 674 e.
738 631 772 672 ea
788 621 901 684 aetate,
925 632 981 692 qua
998 613 1110 673 nemini
1127 612 1264 672 servilem
1280 610 1369 672 oboe-

204 716 347 776 dientiam
377 714 515 784 deberet,
545 715 596 775 sed
626 733 696 775 suae
725 716 844 776 omnino
867 715 1021 794 potestatis
1050 715 1154 794 suique
1182 715 1257 774 iuris
1279 721 1368 783 esset,

204 826 300 878 artem
323 817 548 894 grammaticam
572 816 725 898 amplexus
747 823 801 877 est.
846 815 921 886 Quid
951 817 1041 894 igitur
1071 814 1266 894 impediebat,
1296 832 1369 894 quo-

205 921 302 979 minus
324 936 443 997 quoquo
465 917 557 978 vellet
579 919 808 996 commigraret?
831 918 952 997 Optanti
974 925 1089 987 autem,
1113 923 1146 977 ut
1167 916 1370 994 grammaticis

204 1020 309 1080 studiis
333 1038 454 1098 operam
478 1019 577 1089 daret,
601 1022 632 1080 in
649 1020 735 1081 Creta
757 1021 853 1099 patria
877 1022 903 1079 ei
918 1021 1055 1082 satisfieri
1077 1037 1135 1079 non
1151 1025 1277 1098 poterat,
1302 1037 1370 1078 cum

205 1140 300 1201 neque
316 1132 539 1200 praeceptores,
562 1124 613 1201 qui
630 1122 682 1182 has
700 1123 816 1182 litteras
830 1123 1058 1200 profiterentur,
1083 1139 1179 1200 neque
1209 1119 1367 1180 bibliothe-

205 1243 278 1292 cam,
292 1242 367 1302 quae
376 1223 528 1283 doctrinae
541 1223 900 1302 subsidiasuppeditaret,
914 1222 956 1284 ibi
968 1223 1060 1283 luisse
1073 1229 1189 1282 constet
1202 1221 1369 1299 atqueadeo

164 1388 171 1403 ,
205 1325 282 1404 apud
295 1325 446 1385 Platonem
463 1324 498 1384 de
512 1323 568 1402 leg.
578 1324 617 1384 lll
628 1321 755 1403 p.680C
772 1325 884 1386 Clinias
900 1325 1052 1386 Cretensis
1067 1324 1178 1402 hospiti
1194 1322 1368 1383 Atheniensi

205 1425 341 1486 versibus
375 1426 525 1485 nonnullis
553 1426 721 1486 Homericis
755 1445 808 1487 uso
841 1427 1040 1505 respondeat:
1078 1422 1118 1487 οὐ
1150 1423 1212 1500 γὰρ
1245 1421 1370 1502 <nocco
1401 1493 1402 1496 Ἴ

205 1526 353 1608 χρώμεθα
376 1524 407 1590 οἱ
424 1525 540 1603 Κρῆτε(
561 1527 643 1589 anic
665 1528 838 1592 ξενικοῖς
860 1526 1086 1605 ποιήμαειν.
1120 1526 1222 1606 ltaque
1239 1527 1369 1602 migrare

206 1648 273 1689 eum
296 1628 452 1708 oportebat
480 1635 531 1689 aut
554 1628 683 1690 Athenas
713 1638 763 1690 aut
785 1630 993 1690 Alexandriam
1022 1637 1073 1691 aut
1095 1628 1181 1688 aliam
1209 1630 1240 1688 iu
1263 1626 1369 1690 urbem

205 1732 361 1793 litterariis
384 1731 491 1792 studiis
520 1730 706 1803 aslluentem;
741 1732 777 1792 de
801 1732 924 1792 Athenis
952 1739 1051 1792 autem
1078 1730 1123 1790 vel
1145 1730 1302 1790 Antiochia
1324 1730 1369 1790 vel

206 1833 262 1894 alia
285 1832 360 1894 urhe
391 1851 426 1892 ne
459 1835 593 1909 cogitare
622 1833 743 1911 quidem
771 1833 854 1902 licet,
884 1840 988 1893 contra
1010 1831 1217 1892 Alexandriam
1246 1851 1314 1892 eum
1337 1851 1369 1892 se

206 1935 367 1995 contulisse
390 1952 535 2013 perquam
564 1933 709 1994 credibile
738 1941 798 1994 est:
834 1953 901 1994 nam
931 1953 999 1994 cum
1026 1935 1091 2012 ipsa
1119 1932 1204 1993 urhis
1232 1935 1371 1994 vicinitas

206 2055 274 2097 eum
296 2035 423 2115 quodam
440 2036 527 2095 modo
548 2034 707 2104 invitabat,
731 2043 793 2096 tum
817 2037 841 2096 si
864 2035 977 2096 inulla
1000 2034 1074 2095 urbe
1098 2035 1170 2103 alia,
1194 2034 1249 2095 sub
1272 2034 1368 2095 Ptole·

205 2141 299 2198 maeis
327 2137 369 2197 ibi
399 2137 565 2198 litterarum
600 2137 697 2197 studia
732 2137 991 2198 vehementissime
1021 2136 1174 2214 vigebant,
1208 2137 1324 2196 exculta
1354 2156 1370 2196 a

205 2241 369 2308 Zenodoto,
400 2238 593 2308 Callimacho,
618 2238 829 2308 Eratosthene,
852 2239 1007 2318 Apollonio
1029 2237 1144 2298 Rhodio
1167 2239 1370 2315 grammaticis

206 2360 320 2402 summa
342 2341 428 2401 laude
450 2340 644 2410 florentibus,
668 2346 830 2401 sustentata
859 2341 1022 2420 exquisitae
1051 2339 1251 2400 bibliothecae
1274 2342 1370 2419 copiis

205 2443 405 2522 amplissimis.
451 2443 524 2504 Cmn
554 2443 645 2520 igitur
666 2450 726 2503 tam
749 2443 840 2503 multa
868 2450 1042 2520 argumenta
1072 2448 1266 2512 concurrant,
1295 2459 1369 2520 quae

169 2579 172 2586 ·
205 2545 440 2612 hdem‘laciant‚
464 2543 613 2605 Rhianum
637 2545 819 2625 aliquantum
844 2545 988 2623 temporis
1004 2543 1198 2604 Alexandriae
1221 2549 1369 2603 versatum

206 2666 286 2718 esse,
315 2665 442 2725 cumque
466 2665 533 2706 eum
557 2665 617 2706 uon
646 2649 676 2706 in
701 2647 802 2716 Creta,
832 2646 883 2706 sed
906 2648 938 2705 in
961 2645 1036 2706 urbe
1064 2647 1223 2725 peregrina
1253 2662 1370 2704 servum

204 2751 298 2810 luisse
322 2767 411 2826 supra
434 2748 592 2827 probatum
615 2751 668 2817 sit,
693 2757 797 2827 sponte
821 2748 959 2807 ducimur
981 2746 1017 2806 ad
1040 2749 1258 2816 coniecturam,
1282 2765 1370 2825 quam

206 2870 285 2912 nunc
308 2850 427 2930 quidem
450 2868 618 2931 proponere
642 2869 701 2910 uon
724 2848 843 2910 dubito:
873 2867 940 2909 eum
969 2850 1006 2908 in
1030 2847 1136 2909 Creta
1160 2847 1288 2908 obscuro
1310 2849 1370 2908 lor-

206 2961 283 3014 tasse
305 2951 371 3014 loco
395 2959 517 3012 natum
545 2951 659 3012 inlelici
689 2969 759 3012 casu
781 2950 918 3012 libertate
942 2952 1050 3011 amissa
1077 2952 1109 3010 in
1131 2950 1295 3030 Aegyptum
1319 2949 1370 3009 ab·

206 3055 327 3116 ductum
344 3053 592 3114 Alexandriae
616 3053 682 3115 sub
705 3071 841 3114 corona
865 3054 1057 3113 venivisse
1081 3059 1111 3112 et
1132 3052 1239 3112 servile
1262 3065 1371 3112 munus

206 3157 370 3237 palaestrae
395 3155 606 3216 custodiendae
630 3157 783 3234 suscipere
805 3157 919 3216 iussum
942 3172 1016 3214 esse.
1055 3152 1117 3224 Qua
1140 3155 1171 3213 in
1194 3153 1370 3214 condicione

206 3279 266 3319 non
287 3256 524 3337 impediebatur,
553 3259 713 3336 quominus
741 3275 757 3316 e
781 3258 925 3318 servitute
954 3274 1019 3316 sese
1048 3256 1225 3326 redimeret;
1254 3262 1371 3335 poterat

207 3364 297 3423 etiam
320 3361 471 3428 accidere,
502 3368 533 3420 ut
556 3378 623 3420 cum
652 3361 808 3419 occasione
837 3359 904 3419 data
927 3359 1052 3418 fortasse
1081 3358 1228 3438 praeclari
1256 3359 1370 3435 ingenii

206 3464 381 3524 documenta
411 3469 616 3540 expromeret,
652 3461 797 3522 nobilium
831 3460 876 3520 vel
906 3461 1092 3520 eruditorum
1120 3457 1289 3529 hominum,
1319 3461 1371 3538 qui

206 3568 344 3625 iuvenum
373 3563 640 3625 exercitationibus
668 3563 818 3623 interdum
847 3565 1027 3630 intererant,
1058 3563 1170 3621 animos
1193 3563 1223 3620 in
1247 3579 1277 3621 se
1300 3579 1370 3620 con·

206 3675 337 3727 verteret
353 3684 513 3745 eorumque
530 3665 674 3725 beneficio
690 3663 859 3742 libertatem
880 3669 1082 3742 recuperaret.
1110 3661 1182 3723 Cum
1197 3662 1245 3722 his
1260 3665 1370 3742 optime

207 3770 359 3848 congruit,
389 3767 467 3848 quod
490 3767 612 3827 simulac
635 3767 759 3827 servitio
787 3764 930 3825 liberatus
957 3771 1017 3833 est,
1048 3772 1141 3825 artem
1170 3767 1317 3844 poeticam
1342 3773 1372 3825 et

207 3872 429 3950 grammaticam
453 3869 605 3948 amplexus
635 3877 693 3939 est,
723 3875 755 3929 ut
778 3868 885 3928 Suidas
907 3868 997 3928 dicit:
1034 3862 1073 3943 ἦν
1101 3869 1158 3944 τῆς
1179 3865 1372 3943 notatum(

206 3970 366 4050 πρότερον
383 3969 488 4050 φύλαξ
503 3969 555 4033 καὶ
569 3970 703 4033 δοῦλοε·
727 3967 860 4046 ὕετερον
883 3969 919 4032 δὲ
933 3967 1112 4032 παιδευθεὶς
1128 3967 1257 4044 ἐγένετο
1272 3987 1370 4046 γραμ-

207 4073 348 4150 percaec-
372 4092 428 4134 nec
450 4076 550 4134 minus
572 4072 726 4133 commode
749 4072 914 4154 explicatur
943 4070 1127 4132 abalienatus
1150 4075 1214 4132 eius
1237 4091 1252 4131 a
1275 4074 1370 4150 patria

208 4180 339 4248 animus,
368 4195 457 4257 quem
479 4176 610 4256 produnt
631 4176 827 4252 ignominiosa
855 4175 922 4244 illa,
951 4192 1026 4253 quae
1056 4175 1092 4234 dc
1116 4174 1303 4235 Cretensium
1326 4192 1371 4234 sa·

207 4281 399 4356 gittariorum
428 4280 539 4356 insigni
572 4277 696 4356 persidia
726 4279 756 4336 in
786 4276 978 4337 Messeniacis
1001 4279 1133 4337 narravit
1166 4276 1231 4351 (cir.
1262 4275 1371 4336 Pausa·

209 4381 271 4444 uias
287 4381 323 4442 lV
346 4377 400 4450 la,
423 4376 525 4459 deq).
556 4378 611 4449 Qui
630 4385 782 4458 postquam
800 4380 1015 4439 Aristomenem
1032 4377 1213 4439 indutiarum
1236 4384 1369 4456 tempore
