3340 5164
694 485 721 492 ..
747 395 843 491 ῃ..-

185 585 305 665 saepius
329 585 502 645 nescimus’
532 583 606 644 Nam
622 585 701 646 inter
716 585 912 666 quadraginta
927 587 1060 666 quinque
1075 586 1217 648 lectiones
1232 586 1349 658 Rhiani,

185 705 258 768 quas
280 685 393 746 scholia
421 686 589 756 continent,
621 688 744 765 triginta
772 684 862 747 solius
883 686 992 749 Rhiani
1020 689 1142 749 nomine
1170 688 1350 767 significatae

186 795 265 850 sunt.
310 785 389 857 Quas
421 794 521 848 utrum
555 805 571 848 e
599 791 770 850 coniectura
798 791 933 869 posuerit
961 807 999 850 an
1028 789 1146 852 aliunde
1175 792 1350 869 susceperit,

185 908 240 968 pro
263 895 347 950 certo
369 890 510 950 affirmari
538 890 710 970 neutiquam
739 896 852 968 potest:
887 908 941 951 eas
965 899 1064 952 autem
1092 891 1249 962 lectiones,
1278 910 1352 972 quas

185 1011 252 1054 cum
289 991 452 1051 vetustiore
496 991 594 1072 aliqua
639 991 771 1052 editione
814 1008 987 1053 communes
1028 991 1167 1054 habuisse
1209 994 1350 1074 traditur,

184 1111 255 1154 num
277 1111 314 1152 ex
336 1092 391 1152 bac
419 1094 483 1172 ipsa
506 1092 653 1162 hauserit,
685 1093 773 1155 tacita
802 1093 832 1154 iu
860 1092 983 1154 dubium
1012 1096 1111 1154 vocari
1139 1097 1249 1173 possit,
1278 1113 1351 1176 quo·

186 1197 265 1256 niam
288 1211 343 1254 neo
370 1193 467 1282 planis
495 1193 595 1254 verbis
616 1194 767 1273 proditum
797 1196 835 1255 sit
867 1212 923 1254 nec
950 1211 1018 1256 cum
1046 1196 1272 1274 argumentandi
1300 1214 1351 1256 ne·

187 1299 325 1358 cessitate
347 1297 442 1375 possit
464 1295 570 1356 evinci.
616 1296 720 1357 Nonne
744 1297 823 1357 enim
846 1297 912 1357 lieri
934 1301 1065 1373 poterat,
1089 1304 1122 1358 ut
1144 1297 1220 1358 alius
1241 1299 1352 1359 veteris

187 1398 366 1476 exemplaris
389 1398 572 1467 auctoritati,
602 1399 688 1458 cuius
710 1397 868 1458 scholiasta
892 1399 994 1458 neseio
1017 1397 1134 1476 quade
1157 1416 1245 1460 causa
1267 1416 1350 1460 men·

186 1503 299 1562 tionem
322 1516 381 1559 non
403 1499 490 1568 lecit,
513 1498 595 1560 illam
617 1499 776 1559 lectionem
800 1497 944 1559 deberet?
980 1498 1017 1560 Et
1043 1499 1237 1561 huiusmodi
1262 1501 1351 1562 etiam

187 1602 241 1663 alia
265 1600 358 1661 multa
381 1601 546 1678 excogitari
570 1608 707 1678 possunt,
736 1619 812 1679 quae
841 1618 909 1661 curn
931 1601 1093 1662 lectionum
1121 1619 1268 1664 consensu
1291 1619 1351 1662 non

186 1711 330 1782 pugnent.

271 1804 330 1864 Sed
364 1811 396 1864 ut
428 1802 615 1883 aliquatenus
649 1811 763 1864 certum
796 1804 1036 1864 fundamentum·
1054 1804 1248 1882 disputationi
1281 1803 1351 1864 sub·

187 1913 351 1974 struerem,
374 1904 451 1964 hanc
473 1903 546 1965 mibi
569 1905 672 1986 scripsi
688 1904 794 1983 legem,
818 1912 851 1965 ut
866 1923 941 1985 quae
957 1906 1091 1983 ipsorum
1107 1905 1290 1966 scholiorum
1306 1906 1351 1966 in·

187 2008 275 2068 dioiis
296 2007 381 2085 argui
405 2006 577 2066 viderentur
600 2023 696 2086 neque
725 2005 792 2066 aliis
820 2005 988 2067 rationibus
1015 2005 1195 2069 dubitationi
1224 2006 1351 2068 obnoxia

187 2115 296 2179 essent,
313 2127 347 2168 ea
364 2109 389 2168 si
401 2125 461 2168 non
471 2125 528 2186 pro
534 2107 695 2186 exploratis
704 2092 856 2176 haberem,
865 2115 893 2168 at
906 2117 987 2168 certe
1001 2108 1036 2168 ad
1049 2108 1351 2170 verisimilitudinem

187 2211 427 2292 quamproxime
443 2209 587 2269 accedere
602 2210 815 2270 existimarem.
842 2207 987 2279 Quocirca
1004 2208 1175 2289 ubicunque
1191 2209 1352 2271 scholiasta

187 2320 307 2391 praeter
328 2309 476 2371 Rhianum
492 2309 601 2372 nullius
616 2312 803 2389 grammatici
818 2328 927 2371 nornen
949 2310 1071 2371 lectioni
1095 2312 1242 2390 apposuit,
1267 2310 1351 2372 illurn

187 2412 381 2474 coniectando
404 2429 469 2472 eam
491 2413 641 2473 iuvenisse
664 2411 787 2472 meliore
809 2411 874 2472 iure
889 2411 1021 2472 iudicare
1037 2413 1110 2473 mibi
1133 2413 1246 2482 videor,
1263 2429 1352 2492 quam

187 2516 213 2576 si
236 2531 273 2574 ex
295 2515 416 2592 antiqua
445 2513 574 2574 editione
604 2531 671 2573 eum
699 2512 834 2574 hausisse
862 2512 1003 2574 arbitrari
1026 2513 1125 2574 velim.
1170 2512 1225 2572 Vbi
1252 2521 1351 2574 autem

186 2615 321 2676 Rhianus
350 2625 417 2675 cum
446 2615 521 2675 alius
549 2614 733 2691 grammatici
761 2616 937 2675 recensione
965 2617 1132 2697 conspirat,
1168 2633 1224 2694 pro
1254 2623 1352 2676 aetate

187 2735 244 2798 qua
267 2733 350 2776 suam
379 2718 505 2796 quisque
533 2717 739 2776 recensionem
766 2715 911 2784 coniecit,
942 2724 993 2777 aut
1020 2716 1168 2777 Rhianum
1196 2716 1276 2777 illius
1303 2723 1353 2778 aut

187 2819 270 2880 illurn
298 2817 406 2878 Rhiani
436 2818 595 2878 lectionem
617 2814 813 2896 approbasse,
843 2815 1035 2896 approbatam
1058 2819 1210 2894 recepisse
1233 2835 1351 2886 censeo,

187 2921 244 2980 nisi
267 2926 383 2981 vetusta
406 2918 597 2988 documenta,
621 2935 697 2998 quae
721 2917 926 2988 dissuadeant,
949 2919 1148 3004 inveniantur.
1194 2918 1237 2978 lta
1259 2917 1351 2978 Rhia-

180 3039 258 3082 num
280 3019 313 3083 Π
333 3016 406 3081 559.
430 3015 456 3080 Ω
480 3015 530 3080 85.
558 3021 575 3084 ζ
599 3017 639 3080 10
667 3018 740 3080 alios
767 3035 885 3087 versus,
919 3017 971 3078 ubi
1000 3020 1095 3080 solum
1123 3021 1220 3098 ipsius
1242 3037 1352 3080 nomen

188 3124 300 3191 fertur,
324 3122 502 3182 conicieudo
525 3121 729 3182 emendavisse
751 3118 909 3198 probabile
932 3125 991 3190 cst;
1019 3119 1044 3182 Α
1067 3116 1107 3181 97
1130 3121 1291 3182 lectionem
1315 3138 1351 3180 ex

188 3222 380 3291 Massiliensi,
404 3219 432 3284 Φ
454 3218 515 3283 607
539 3240 575 3283 ex
597 3221 791 3284 Antimaobea
819 3220 951 3281 editione
974 3223 1141 3301 suscepisse
1170 3221 1245 3282 mihi
1268 3221 1351 3282 vide-

187 3330 252 3393 tur,
274 3331 432 3403 propterea
456 3324 534 3404 quod
556 3323 613 3384 bae
636 3323 784 3384 editiones
806 3329 874 3382 ante
897 3339 965 3383 eum
988 3330 1109 3403 paratae
1125 3323 1234 3400 inspici
1256 3321 1294 3383 ab
1317 3341 1352 3382 eo

188 3432 342 3505 poterant;
359 3423 411 3485 sed
426 3421 513 3486 Τ41.
529 3423 558 3486 Υ
575 3420 636 3485 188
652 3424 718 3486 aliis
734 3426 764 3485 iu
780 3421 918 3484 versibus
932 3424 1162 3502 Aristophanem
1177 3423 1352 3503 Byzantium

187 3527 297 3588 Rhiani
329 3525 566 3586 emendationem
596 3533 730 3587 secutum
760 3543 825 3587 esse
854 3542 976 3593 censeo,
1008 3527 1078 3605 quia
1106 3525 1255 3585 Rhianum
1284 3531 1352 3585 ante

188 3628 272 3689 illurn
299 3628 331 3687 in
354 3625 474 3688 Homeri
505 3627 689 3688 carminibus
717 3644 839 3704 operam
868 3627 1004 3687 criticam
1032 3626 1222 3686 collocavisse
1250 3643 1287 3685 ex
1315 3627 1354 3686 iis

188 3734 420 3789 consentaneum
443 3737 502 3797 est,
526 3747 601 3809 quae
625 3728 661 3788 de
684 3729 743 3789 vita
765 3735 795 3788 et
818 3733 914 3787 aetate
937 3728 1002 3786 eius
1023 3744 1112 3805 supra
1134 3723 1319 3805 disserui.²¹)

273 3829 335 3890 llac
358 3831 450 3908 igitur
470 3829 623 3891 iudicandi
646 3829 712 3907 lege
735 3847 769 3890 ac
784 3845 889 3888 norma
912 3829 1071 3889 constituta
1093 3826 1249 3906 explorare
1271 3828 1351 3898 licet,

189 3949 262 4012 quas
284 3931 432 3992 editiones
455 3931 628 3992 llomericas
649 3929 756 3991 Rhiani
779 3938 940 4008 apparatus
961 3931 1084 3990 criticus
1106 3932 1299 3991 continuerit.

257 4098 300 4159 21)
318 4093 459 4150 Nauokius
478 4094 604 4162 quidem,
622 4094 671 4150 ubi
688 4093 723 4148 de
735 4093 901 4149 lectionibus
913 4093 1022 4148 Rhiano
1041 4094 1071 4147 et
1080 4093 1261 4164 Aristophani
1279 4107 1351 4148 oom-

188 4181 319 4237 munibus
337 4179 475 4250 disputat,
491 4179 602 4235 videtur
620 4177 792 4245 existimare,
812 4177 890 4249 p'ost
907 4176 1102 4247 Aristophanis
1121 4195 1201 4232 curas
1213 4175 1352 4232 Rhianum

188 4265 304 4320 Homeri
321 4263 512 4319 recensionem
523 4262 686 4331 instituisse,
707 4262 808 4333 quippe
821 4277 905 4331 quem
917 4261 1102 4333 suffragatum
1115 4278 1175 4317 esse
1194 4259 1269 4316 dieat
1280 4260 1352 4316 illius

189 4348 438 4408 emendationibus.
