3340 5164
814 335 965 433 —ee—

307 534 333 591 si
356 537 489 610 spectes,
520 525 659 604 ἔμπεδοι
687 529 812 606 proprie
841 534 886 586 est
913 522 949 588 έν
976 523 1064 606 πέδῳ
1093 523 1140 588 ὢν
1168 528 1228 586 sive
1257 521 1486 603 πεπηγμένο(,.

306 637 338 693 in
362 633 425 692 solo
448 639 529 691 stans
552 630 613 688 sive
637 629 728 688 fixus:
753 631 853 708 itaqua
876 626 912 686 de
935 645 1021 687 muro
1050 628 1162 688 dieitur
1190 626 1222 689 Μ
1245 623 1274 687 9.
1299 622 1338 686 12
1365 627 1472 702 τεῖχος

307 733 444 810 Ἀχαιῶν
467 729 608 808 ἔμπεδον
615 776 624 810 ,
654 729 742 789 etde
766 726 904 789 columna
934 725 1042 789 Ρ434
1071 725 1151 792 dicre
1180 727 1275 804 ετήλη
1303 725 1390 805 μένει
1417 726 1472 805 έμ-

306 836 424 908 πεδον,
449 831 502 892 ubi
525 833 590 891 eius
612 849 796 910 synonymon
819 837 864 889 est
878 826 1049 906 ἀεφαλέω(
1072 829 1108 908 (ν.
1123 826 1211 906 436),
1234 830 1271 889 de
1287 829 1379 890 Vlixis
1394 829 1472 891 lecto

307 939 338 997 in
361 936 456 995 olivae
479 941 586 993 trunco
610 930 732 992 condito
756 951 781 1008 ψ
804 927 867 992 203
890 926 918 991 εἴ
945 947 998 1007 μοι
1021 929 1070 993 ἔτ’
1098 929 1238 1009 ἔμπεδόν
1261 929 1339 1006 een,
1367 929 1472 1011 γύναι,

308 1037 413 1113 λέχος.
460 1033 554 1095 llulto
577 1035 698 1112 saepius
719 1033 862 1094 translate
879 1032 991 1092 dicitur
1013 1033 1050 1092 de
1072 1035 1126 1108 iis,
1151 1051 1227 1112 quae
1248 1035 1333 1113 quasi
1356 1035 1386 1093 in
1409 1032 1473 1093 solo
1536 1113 1543 1119 1

309 1140 365 1199 fixa
389 1138 503 1196 moveri
528 1143 578 1195 aut
611 1136 721 1196 mutari
749 1153 808 1194 non
832 1143 971 1213 possunt:
1010 1143 1042 1192 ut
1070 1136 1263 1211 coniungitur
1291 1152 1360 1195 cum
1387 1132 1474 1211 χρώ(

308 1238 334 1302 T
356 1235 412 1307 33,
438 1237 489 1298 nbi
512 1236 616 1296 Thetis
639 1234 746 1296 Achilli
768 1233 944 1314 pollicetur,
967 1235 1098 1296 Patrocli
1121 1254 1230 1315 corpus
1253 1238 1472 1316 incorruptum,

309 1343 477 1417 integrum,
502 1338 652 1398 incolume
675 1354 850 1397 mansurum
872 1355 952 1396 esse:
984 1333 1043 1397 αἰεὶ
1064 1334 1145 1418 τῷδ’
1168 1333 1252 1399 έεται
1274 1335 1361 1413 χρὼς
1382 1333 1474 1412 ἔμπε-

310 1444 384 1520 δοε,
408 1448 437 1499 et
461 1459 531 1500 cum
553 1438 632 1515 γέρα
657 1437 663 1500 l
687 1435 765 1506 335,
789 1437 842 1497 ubi
865 1436 902 1497 ab
925 1439 962 1497 iis
992 1456 1067 1517 quae
1096 1445 1262 1517 sequuntur
1289 1439 1401 1517 accipit
1423 1457 1474 1498 ex·

311 1541 523 1621 plicationem:
546 1536 629 1603 ἄλλα
651 1537 685 1601 δ’
708 1537 880 1615 ἀριετήειιι
901 1535 993 1601 δίδου
1014 1535 1094 1615 γέρα
1115 1537 1167 1601 καὶ
1182 1539 1373 1617 βαιιλεῦειν·
1396 1540 1477 1601 τοῖαι

310 1643 367 1718 μέν
390 1640 511 1720 ἔμπεδα
527 1642 641 1720 κεῖται,
663 1638 738 1718 ἐμεῦ
762 1638 795 1701 δ’
810 1637 875 1702 ἀπὸ
891 1637 1014 1716 μούνου
1037 1638 1173 1716 Ἀχαιῶν
1193 1637 1310 1703 silero:
1332 1641 1475 1720 frequen-

310 1751 358 1804 ter
381 1744 417 1803 de
440 1744 571 1804 hominis
600 1742 727 1810 robore,
763 1741 931 1809 voluntate,
966 1743 1066 1802 animo
1095 1743 1181 1802 firmo
1210 1761 1387 1822 semperque
1416 1743 1477 1804 sibi

311 1849 460 1906 constanti
483 1852 658 1923 usurpatur,
686 1842 778 1903 veluti
800 1845 816 1908 ξ
837 1837 901 1902 468
924 1841 983 1920 βίη
1006 1839 1041 1904 τέ
1063 1857 1115 1918 μοι
1130 1840 1267 1919 έμπεδοε
1290 1840 1356 1924 εἴη,
1378 1841 1477 1907 λ393

308 1943 346 2008 ‘ic
368 1943 522 2022 ἔμπεδοι,
551 1941 651 2006 6254
665 1941 711 2006 ἔτι
727 1961 779 2021 μοι
802 1941 920 2021 μένοι
947 1940 1087 2020 ἔμπεδόν
1110 1941 1202 2024 έετιν,
1224 1943 1252 2006 Ζ
1274 1941 1344 2006 352.
1372 1964 1388 2008 c
1413 1941 1479 2006 215

311 2045 457 2123 φρένες
479 2045 622 2125 ἔμπεδοι,
645 2044 669 2108 Λ
692 2042 754 2106 813
776 2043 872 2106 νόος
893 2061 930 2119 γε
953 2043 1011 2122 μὲν
1033 2042 1171 2122 ἔμπεδα(
1192 2042 1264 2124 ἦεν,
1289 2044 1313 2106 Κ
1335 2042 1377 2106 94
1398 2043 1477 2108 οὐδέ

311 2166 364 2224 μοι
386 2145 482 2224 ἠτορ
505 2145 661 2227 ἔμπεδον,
685 2145 796 2226 quibus
819 2146 966 2226 exemplis
988 2149 1133 2207 transitus
1156 2155 1278 2226 paratur
1301 2147 1337 2208 ad
1359 2144 1477 2218 Υ183,

312 2247 365 2309 ubi
393 2248 505 2310 Priami
533 2250 700 2309 constantia
728 2248 881 2308 laudatur:
916 2245 934 2310 ὁ
968 2246 1002 2308 δ’
1031 2246 1170 2324 ἔμπεδοι
1203 2245 1279 2310 οὐδ’
1305 2245 1479 2328 ἀεείφρων.

313 2351 386 2411 Cum
415 2351 509 2427 igitur
537 2349 652 2410 nullum
680 2352 719 2409 sit
748 2349 918 2428 exemplum
949 2350 1039 2411 huius
1067 2350 1204 2412 vocabuli
1232 2351 1268 2410 de
1297 2350 1478 2412 animalibus

313 2453 374 2510 sive
398 2452 519 2530 proprie
543 2452 604 2510 sive
621 2451 764 2512 translate
786 2453 937 2529 usurpati,
962 2451 1094 2512 nondum
1110 2452 1248 2532 expedita
1270 2460 1315 2512 est
1331 2453 1477 2532 quaestio,

312 2551 383 2631 quid
418 2554 457 2612 sit
496 2550 617 2629 ἔμπεδα
650 2553 743 2628 μῆλα.
793 2553 916 2612 Veteres
955 2551 1075 2632 quidem
1098 2550 1296 2633 ¹interpretes
1329 2553 1479 2633 explicant

312 2651 422 2729 icxupd
444 2653 495 2718 καὶ
517 2651 680 2730 δυνάμενα
701 2651 781 2715 κατὰ
803 2652 840 2716 τὸ
863 2651 965 2716 πέδον
984 2650 1123 2716 ‘ferocem
1146 2657 1165 2715 i.
1189 2673 1214 2716 e.
1237 2655 1377 2735 pecudes,
1401 2675 1477 2736 quae

314 2756 344 2815 in
368 2755 430 2815 solo
453 2749 579 2816 firmiter
603 2762 682 2816 stare
705 2761 830 2832 possunt
859 2755 905 2815 vel
933 2774 1008 2834 quae
1031 2756 1117 2816 lirma
1144 2755 1312 2817 valetudine
1340 2765 1477 2826 utuntur,

219 2925 221 2930 ,
312 2856 442 2927 validae,
476 2855 617 2917 robustae
631 2853 688 2934 5ι”);
723 2864 752 2916 et
789 2859 832 2916 sio
864 2855 1061 2917 Doederlinus
1093 2876 1212 2937 quoque
1245 2859 1477 2937 interpretatur:

312 2959 473 3028 isernien,
497 2959 635 3035 gesund!
664 2959 701 3018 dt
722 2975 793 3018 vero
822 2958 896 3018 baec
919 2961 1002 3019 notio
1025 2977 1132 3038 parum
1154 2961 1293 3020 convenit
1315 2960 1362 3020 his
1382 2962 1477 3034 versi-

314 3060 386 3129 bus,
415 3059 525 3139 quibus
553 3057 652 3120 Vlixes
680 3062 762 3138 regis
791 3059 974 3139 opulentiam
1002 3063 1194 3140 omniumque
1223 3079 1325 3122 rerum
1353 3061 1477 3122 allluen·

313 3165 387 3222 tiam
410 3160 572 3222 describit:
610 3161 710 3221 laudat
736 3169 839 3222 terrae
872 3162 1074 3230 feracitatem,
1104 3181 1163 3223 non
1191 3165 1262 3243 quia
1290 3163 1396 3234 bonas,
1425 3164 1477 3223 sed

314 3265 384 3343 quia
406 3264 501 3322 varias
523 3261 626 3340 lruges
651 3260 786 3339 (nepotc
808 3261 859 3325 καὶ
881 3259 997 3341 κριθάς)
1021 3265 1115 3334 lerat;
1138 3263 1239 3325 laudat
1261 3264 1393 3334 arbores,
1417 3283 1478 3325 non

313 3365 383 3444 quia
412 3370 598 3443 praestantes
627 3371 657 3423 et
685 3366 811 3425 eximios
839 3367 958 3424 fructus
986 3374 1165 3443 procreent,
1202 3366 1254 3426 sed
1282 3368 1351 3447 quia
1380 3365 1477 3445 ampla

314 3467 467 3527 fructuum
490 3465 576 3544 copia
598 3472 721 3525 onustae
750 3468 824 3534 sint;
853 3485 946 3546 quare
974 3485 1073 3527 nonne
1102 3467 1258 3546 epitheton
1280 3467 1476 3537 desiderabis

313 3567 604 3628 multitudinem
626 3566 705 3646 quod
729 3568 893 3644 significet?
934 3567 998 3628 Hoc
1032 3575 1130 3630 autem
1165 3577 1211 3630 est
1243 3569 1316 3630 illud
1348 3567 1476 3638 ἄεπετα,

314 3668 393 3746 quod
415 3668 550 3729 Rhianus
572 3668 673 3729 voluit.

399 3768 509 3828 Verum
533 3769 620 3830 aliam
641 3771 767 3831 fortasse
790 3771 903 3831 dixeris
931 3774 1211 3851 interpretationem
1241 3775 1336 3851 magis
1358 3773 1394 3834 ad
1410 3783 1476 3852 sert·

315 3890 380 3931 sum
404 3869 655 3931 accommodatam
678 3889 752 3931 esse.
783 3871 857 3933 Nam
874 3891 942 3933 cum
957 3870 1096 3951 ἔμπεδοε
1112 3877 1199 3935 etiarn
1216 3874 1252 3934 ad
1267 3877 1411 3955 temporis
1425 3893 1477 3934 no·

382 4120 426 4186 55)
445 4118 579 4174 Similiter
596 4120 760 4175 Euslalhius
779 4122 816 4174 ad
833 4122 859 4174 h.
878 4122 896 4174 l.
919 4125 954 4176 τὸ
978 4125 1008 4178 δέ
1031 4125 1138 4189 ἔμπεδα
1161 4125 1313 4180 διαετέλλει
1336 4127 1390 4191 τὴν
1412 4125 1478 4190 ἀγα-

315 4207 368 4271 θὴν
386 4204 516 4272 γέννηειν
533 4209 594 4258 τῶν
612 4207 711 4272 μήλων
735 4207 806 4273 πρὸ(
824 4207 859 4260 τὰ
877 4208 1068 4275 ἀμβλούμενα,
1093 4211 1186 4264 ἐκεῖνα
1204 4211 1257 4276 γὰρ
1276 4209 1374 4270 πίπτει
1392 4210 1478 4276 νεκρὰ

316 4291 361 4343 καὶ
380 4290 432 4356 οὐχ
449 4289 496 4344 οἶα
514 4292 577 4357 περΙ
589 4291 645 4359 γῆν
664 4291 788 4347 πειδντα
805 4293 868 4346 εἶτα
885 4292 991 4357 ἔμπεδα
1010 4293 1114 4347 (πάντα
1131 4295 1311 4362 ὑποειαρτᾶν.
