<?xml version="1.0" encoding="UTF-8"?>
<!DOCTYPE html PUBLIC "-//W3C//DTD XHTML 1.0 Transitional//EN"
    "http://www.w3.org/TR/xhtml1/DTD/xhtml1-transitional.dtd">
<html xmlns="http://www.w3.org/1999/xhtml" xml:lang="en" lang="en">
 <head>
  <title>
</title>
<meta http-equiv="Content-Type" content="text/html;charset=utf-8" />
  <meta name='ocr-system' content='tesseract 3.04.00' />
  <meta name='ocr-capabilities' content='ocr_page ocr_carea ocr_par ocr_line ocrx_word'/>
</head>
<body>
  <div class='ocr_page' id='page_1' title='image "./derhianicretens00mayhgoog_0016.png"; bbox 0 0 3340 5164; ppageno 0'>
   <div class='ocr_carea' id='block_1_1' title="bbox 716 380 823 477">
    <p class='ocr_par' dir='ltr' id='par_1_1' title="bbox 716 380 823 477">
     <span class='ocr_line' id='line_1_1' title="bbox 716 380 823 477; baseline -0.019 0"><span class='ocrx_word' id='word_1_1' title='bbox 716 380 823 477; x_wconf 76' lang='lat'><strong>-.¹..¹.</strong></span> 
     </span>
    </p>
   </div>
   <div class='ocr_carea' id='block_1_2' title="bbox 144 569 1408 4311">
    <p class='ocr_par' dir='ltr' id='par_1_2' title="bbox 206 569 1408 1462">
     <span class='ocr_line' id='line_1_2' title="bbox 207 569 1371 650; baseline 0.009 -20"><span class='ocrx_word' id='word_1_2' title='bbox 207 573 314 640; x_wconf 87' lang='lat' dir='ltr'><strong>luisse,</strong></span> <span class='ocrx_word' id='word_1_3' title='bbox 345 573 405 632; x_wconf 90' lang='lat' dir='ltr'><strong>nisi</strong></span> <span class='ocrx_word' id='word_1_4' title='bbox 428 572 507 632; x_wconf 91' lang='lat' dir='ltr'><strong>iuter</strong></span> <span class='ocrx_word' id='word_1_5' title='bbox 538 577 695 650; x_wconf 86' lang='lat' dir='ltr'><strong>utrumque</strong></span> <span class='ocrx_word' id='word_1_6' title='bbox 725 570 875 631; x_wconf 90' lang='lat' dir='ltr'><strong>homiuem</strong></span> <span class='ocrx_word' id='word_1_7' title='bbox 899 572 1020 649; x_wconf 82' lang='lat' dir='ltr'>propior</span> <span class='ocrx_word' id='word_1_8' title='bbox 1043 569 1186 648; x_wconf 81' lang='lat' dir='ltr'>quaedam</span> <span class='ocrx_word' id='word_1_9' title='bbox 1212 575 1286 636; x_wconf 87' lang='lat' dir='ltr'><strong>vitae</strong></span> <span class='ocrx_word' id='word_1_10' title='bbox 1310 588 1371 640; x_wconf 90' lang='lat' dir='ltr'><strong>stu·</strong></span> 
     </span>
     <span class='ocr_line' id='line_1_3' title="bbox 207 672 1408 750; baseline -0.002 -18"><span class='ocrx_word' id='word_1_11' title='bbox 207 673 384 750; x_wconf 92' lang='lat' dir='ltr'><strong>diorumque</strong></span> <span class='ocrx_word' id='word_1_12' title='bbox 408 674 537 732; x_wconf 90' lang='lat' dir='ltr'><strong>societas</strong></span> <span class='ocrx_word' id='word_1_13' title='bbox 559 673 673 732; x_wconf 90' lang='lat' dir='ltr'><strong>luisset.</strong></span> <span class='ocrx_word' id='word_1_14' title='bbox 703 674 739 733; x_wconf 92' lang='lat' dir='ltr'><strong>At</strong></span> <span class='ocrx_word' id='word_1_15' title='bbox 762 691 832 734; x_wconf 90' lang='lat' dir='ltr'><strong>vero</strong></span> <span class='ocrx_word' id='word_1_16' title='bbox 855 672 978 733; x_wconf 87' lang='lat' dir='ltr'><strong>haecine</strong></span> <span class='ocrx_word' id='word_1_17' title='bbox 1002 673 1099 732; x_wconf 91' lang='lat' dir='ltr'><strong>omnia</strong></span> <span class='ocrx_word' id='word_1_18' title='bbox 1123 688 1158 730; x_wconf 88' lang='lat' dir='ltr'><strong>ex</strong></span> <span class='ocrx_word' id='word_1_19' title='bbox 1181 684 1296 747; x_wconf 72' lang='lat' dir='ltr'><strong>duobus</strong></span> <span class='ocrx_word' id='word_1_20' title='bbox 1313 679 1373 744; x_wconf 70' lang='lat' dir='ltr'><strong>illis</strong></span> <span class='ocrx_word' id='word_1_21' title='bbox 1403 672 1408 681; x_wconf 90' lang='lat'>&#39;</span> 
     </span>
     <span class='ocr_line' id='line_1_4' title="bbox 207 770 1372 853; baseline -0.002 -23"><span class='ocrx_word' id='word_1_22' title='bbox 207 773 307 834; x_wconf 91' lang='lat' dir='ltr'><strong>rerhis</strong></span> <span class='ocrx_word' id='word_1_23' title='bbox 329 774 569 852; x_wconf 81' lang='lat' dir='ltr'><strong>consequuntur?</strong></span> <span class='ocrx_word' id='word_1_24' title='bbox 591 773 695 834; x_wconf 88' lang='lat' dir='ltr'><strong>Nonne</strong></span> <span class='ocrx_word' id='word_1_25' title='bbox 718 774 820 834; x_wconf 91' lang='lat' dir='ltr'><strong>eodem</strong></span> <span class='ocrx_word' id='word_1_26' title='bbox 844 776 925 843; x_wconf 91' lang='lat' dir='ltr'><strong>iure,</strong></span> <span class='ocrx_word' id='word_1_27' title='bbox 949 792 1008 853; x_wconf 94' lang='lat' dir='ltr'><strong>quo</strong></span> <span class='ocrx_word' id='word_1_28' title='bbox 1023 771 1188 832; x_wconf 89' lang='lat' dir='ltr'><strong>hleinehius</strong></span> <span class='ocrx_word' id='word_1_29' title='bbox 1211 770 1372 830; x_wconf 78' lang='lat' dir='ltr'><strong>amicitiam</strong></span> 
     </span>
     <span class='ocr_line' id='line_1_5' title="bbox 207 872 1372 952; baseline -0.007 -17"><span class='ocrx_word' id='word_1_30' title='bbox 207 881 337 935; x_wconf 89' lang='lat' dir='ltr'><strong>statuere</strong></span> <span class='ocrx_word' id='word_1_31' title='bbox 368 874 424 935; x_wconf 91' lang='lat' dir='ltr'><strong>sihi</strong></span> <span class='ocrx_word' id='word_1_32' title='bbox 452 877 532 935; x_wconf 88' lang='lat' dir='ltr'><strong>visus</strong></span> <span class='ocrx_word' id='word_1_33' title='bbox 567 883 625 944; x_wconf 91' lang='lat' dir='ltr'><strong>est,</strong></span> <span class='ocrx_word' id='word_1_34' title='bbox 662 875 845 935; x_wconf 81' lang='lat' dir='ltr'><strong>inimicitiam</strong></span> <span class='ocrx_word' id='word_1_35' title='bbox 875 881 905 934; x_wconf 94' lang='lat' dir='ltr'><strong>et</strong></span> <span class='ocrx_word' id='word_1_36' title='bbox 932 874 1096 935; x_wconf 72' lang='lat' dir='ltr'><strong>simultates</strong></span> <span class='ocrx_word' id='word_1_37' title='bbox 1123 873 1264 952; x_wconf 88' lang='lat' dir='ltr'><strong>quasdam</strong></span> <span class='ocrx_word' id='word_1_38' title='bbox 1292 872 1372 930; x_wconf 89' lang='lat' dir='ltr'><strong>inter</strong></span> 
     </span>
     <span class='ocr_line' id='line_1_6' title="bbox 206 965 1371 1056; baseline -0.007 -18"><span class='ocrx_word' id='word_1_39' title='bbox 206 984 366 1056; x_wconf 89' lang='lat' dir='ltr'><strong>utrumque</strong></span> <span class='ocrx_word' id='word_1_40' title='bbox 388 976 591 1037; x_wconf 79' lang='lat' dir='ltr'><strong>intercessisse</strong></span> <span class='ocrx_word' id='word_1_41' title='bbox 615 965 782 1037; x_wconf 88' lang='lat' dir='ltr'><strong>existimare</strong></span> <span class='ocrx_word' id='word_1_42' title='bbox 806 977 894 1038; x_wconf 78' lang='lat' dir='ltr'><strong>licet?</strong></span> <span class='ocrx_word' id='word_1_43' title='bbox 922 975 1016 1047; x_wconf 75' lang='lat' dir='ltr'><strong>Quid?</strong></span> <span class='ocrx_word' id='word_1_44' title='bbox 1044 977 1068 1034; x_wconf 92' lang='lat' dir='ltr'><strong>si</strong></span> <span class='ocrx_word' id='word_1_45' title='bbox 1092 976 1170 1037; x_wconf 88' lang='lat' dir='ltr'><strong>idem</strong></span> <span class='ocrx_word' id='word_1_46' title='bbox 1194 972 1371 1034; x_wconf 80' lang='lat' dir='ltr'><strong>concludere</strong></span> 
     </span>
     <span class='ocr_line' id='line_1_7' title="bbox 206 1076 1372 1158; baseline -0.003 -21"><span class='ocrx_word' id='word_1_47' title='bbox 206 1078 329 1138; x_wconf 89' lang='lat' dir='ltr'><strong>velimus</strong></span> <span class='ocrx_word' id='word_1_48' title='bbox 352 1097 388 1137; x_wconf 90' lang='lat' dir='ltr'><strong>ex</strong></span> <span class='ocrx_word' id='word_1_49' title='bbox 411 1096 462 1147; x_wconf 92' lang='lat' dir='ltr'><strong>eo,</strong></span> <span class='ocrx_word' id='word_1_50' title='bbox 492 1078 570 1156; x_wconf 92' lang='lat' dir='ltr'><strong>quod</strong></span> <span class='ocrx_word' id='word_1_51' title='bbox 594 1077 699 1138; x_wconf 89' lang='lat' dir='ltr'><strong>Suidas</strong></span> <span class='ocrx_word' id='word_1_52' title='bbox 722 1079 751 1138; x_wconf 91' lang='lat' dir='ltr'><strong>in</strong></span> <span class='ocrx_word' id='word_1_53' title='bbox 781 1080 837 1139; x_wconf 87' lang='lat' dir='ltr'><strong>vita</strong></span> <span class='ocrx_word' id='word_1_54' title='bbox 861 1079 1010 1158; x_wconf 92' lang='lat' dir='ltr'><strong>Apollonii</strong></span> <span class='ocrx_word' id='word_1_55' title='bbox 1038 1079 1125 1138; x_wconf 91' lang='lat' dir='ltr'><strong>etiam</strong></span> <span class='ocrx_word' id='word_1_56' title='bbox 1153 1076 1232 1137; x_wconf 93' lang='lat' dir='ltr'><strong>hunc</strong></span> <span class='ocrx_word' id='word_1_57' title='bbox 1255 1083 1372 1154; x_wconf 90' lang='lat' dir='ltr'><strong>poetam</strong></span> 
     </span>
     <span class='ocr_line' id='line_1_8' title="bbox 206 1176 1372 1258; baseline -0.004 -16"><span class='ocrx_word' id='word_1_58' title='bbox 206 1177 387 1256; x_wconf 76' lang='grc' dir='ltr'>(ύγχρονον</span> <span class='ocrx_word' id='word_1_59' title='bbox 421 1176 666 1256; x_wconf 76' lang='grc' dir='ltr'>Ἐρατοεθένου(</span> <span class='ocrx_word' id='word_1_60' title='bbox 700 1178 752 1242; x_wconf 88' lang='grc' dir='ltr'><strong>καὶ</strong></span> <span class='ocrx_word' id='word_1_61' title='bbox 784 1177 992 1258; x_wconf 71' lang='grc' dir='ltr'>Εὐφορίωνος</span> <span class='ocrx_word' id='word_1_62' title='bbox 1027 1181 1116 1240; x_wconf 87' lang='lat' dir='ltr'><strong>luisse</strong></span> <span class='ocrx_word' id='word_1_63' title='bbox 1152 1177 1269 1249; x_wconf 86' lang='lat' dir='ltr'><strong>scribit,</strong></span> <span class='ocrx_word' id='word_1_64' title='bbox 1305 1196 1372 1238; x_wconf 90' lang='lat' dir='ltr'><strong>cum</strong></span> 
     </span>
     <span class='ocr_line' id='line_1_9' title="bbox 207 1279 1371 1362; baseline -0.003 -20"><span class='ocrx_word' id='word_1_65' title='bbox 207 1290 305 1342; x_wconf 91' lang='lat' dir='ltr'><strong>tamen</strong></span> <span class='ocrx_word' id='word_1_66' title='bbox 329 1280 503 1361; x_wconf 85' lang='lat' dir='ltr'><strong>Euphorion</strong></span> <span class='ocrx_word' id='word_1_67' title='bbox 527 1279 742 1351; x_wconf 85' lang='lat' dir='ltr'><strong>Chalcidensis,</strong></span> <span class='ocrx_word' id='word_1_68' title='bbox 771 1283 822 1361; x_wconf 91' lang='lat' dir='ltr'><strong>qui</strong></span> <span class='ocrx_word' id='word_1_69' title='bbox 850 1290 1007 1362; x_wconf 89' lang='lat' dir='ltr'><strong>postquam</strong></span> <span class='ocrx_word' id='word_1_70' title='bbox 1030 1279 1168 1342; x_wconf 86' lang='lat' dir='ltr'><strong>Chalcide</strong></span> <span class='ocrx_word' id='word_1_71' title='bbox 1198 1287 1227 1341; x_wconf 92' lang='lat' dir='ltr'><strong>et</strong></span> <span class='ocrx_word' id='word_1_72' title='bbox 1250 1279 1371 1340; x_wconf 92' lang='lat' dir='ltr'><strong>Athenis</strong></span> 
     </span>
     <span class='ocr_line' id='line_1_10' title="bbox 207 1369 1372 1462; baseline -0.003 -18"><span class='ocrx_word' id='word_1_73' title='bbox 207 1389 404 1444; x_wconf 87' lang='lat' dir='ltr'><strong>commoratus</strong></span> <span class='ocrx_word' id='word_1_74' title='bbox 428 1389 486 1452; x_wconf 91' lang='lat' dir='ltr'><strong>est,</strong></span> <span class='ocrx_word' id='word_1_75' title='bbox 511 1382 645 1443; x_wconf 92' lang='lat' dir='ltr'><strong>ultimum</strong></span> <span class='ocrx_word' id='word_1_76' title='bbox 668 1383 769 1442; x_wconf 85' lang='lat' dir='ltr'><strong>aetatis</strong></span> <span class='ocrx_word' id='word_1_77' title='bbox 798 1369 914 1462; x_wconf 89' lang='lat' dir='ltr'><strong>tempus</strong></span> <span class='ocrx_word' id='word_1_78' title='bbox 937 1383 1110 1444; x_wconf 79' lang='lat' dir='ltr'><strong>Antiochiae</strong></span> <span class='ocrx_word' id='word_1_79' title='bbox 1134 1383 1293 1460; x_wconf 82' lang='lat' dir='ltr'><strong>transegit,</strong></span> <span class='ocrx_word' id='word_1_80' title='bbox 1316 1398 1372 1441; x_wconf 92' lang='lat' dir='ltr'><strong>noc</strong></span> 
     </span>
    </p>

    <p class='ocr_par' dir='ltr' id='par_1_3' title="bbox 144 1470 1373 3189">
     <span class='ocr_line' id='line_1_11' title="bbox 144 1470 1370 1564; baseline -0.002 -19"><span class='ocrx_word' id='word_1_81' title='bbox 144 1470 147 1483; x_wconf 54' lang='lat'><strong>¹</strong></span> <span class='ocrx_word' id='word_1_82' title='bbox 206 1484 303 1546; x_wconf 86' lang='lat' dir='ltr'><strong>Rhodi</strong></span> <span class='ocrx_word' id='word_1_83' title='bbox 325 1503 380 1545; x_wconf 89' lang='lat' dir='ltr'><strong>nec</strong></span> <span class='ocrx_word' id='word_1_84' title='bbox 397 1484 589 1544; x_wconf 79' lang='lat' dir='ltr'><strong>Alexandriae</strong></span> <span class='ocrx_word' id='word_1_85' title='bbox 612 1502 742 1564; x_wconf 90' lang='lat' dir='ltr'><strong>uuquam</strong></span> <span class='ocrx_word' id='word_1_86' title='bbox 767 1486 897 1546; x_wconf 80' lang='lat' dir='ltr'><strong>vixerit?</strong></span> <span class='ocrx_word' id='word_1_87' title='bbox 929 1484 1099 1546; x_wconf 84' lang='lat' dir='ltr'><strong>Cavendum</strong></span> <span class='ocrx_word' id='word_1_88' title='bbox 1122 1491 1225 1546; x_wconf 91' lang='lat' dir='ltr'><strong>estne</strong></span> <span class='ocrx_word' id='word_1_89' title='bbox 1249 1484 1370 1545; x_wconf 90' lang='lat' dir='ltr'><strong>nimium</strong></span> 
     </span>
     <span class='ocr_line' id='line_1_12' title="bbox 206 1585 1372 1667; baseline -0.004 -19"><span class='ocrx_word' id='word_1_90' title='bbox 206 1605 383 1667; x_wconf 88' lang='lat' dir='ltr'><strong>quaeramus</strong></span> <span class='ocrx_word' id='word_1_91' title='bbox 405 1589 434 1645; x_wconf 93' lang='lat' dir='ltr'><strong>in</strong></span> <span class='ocrx_word' id='word_1_92' title='bbox 459 1605 492 1648; x_wconf 92' lang='lat' dir='ltr'><strong>ea</strong></span> <span class='ocrx_word' id='word_1_93' title='bbox 521 1586 685 1656; x_wconf 91' lang='lat' dir='ltr'><strong>locutione,</strong></span> <span class='ocrx_word' id='word_1_94' title='bbox 715 1605 790 1666; x_wconf 87' lang='lat' dir='ltr'><strong>quae</strong></span> <span class='ocrx_word' id='word_1_95' title='bbox 812 1589 1054 1667; x_wconf 81' lang='lat' dir='ltr'><strong>frequentissima</strong></span> <span class='ocrx_word' id='word_1_96' title='bbox 1083 1594 1141 1657; x_wconf 87' lang='lat' dir='ltr'><strong>est,</strong></span> <span class='ocrx_word' id='word_1_97' title='bbox 1170 1586 1222 1647; x_wconf 93' lang='lat' dir='ltr'><strong>uhi</strong></span> <span class='ocrx_word' id='word_1_98' title='bbox 1245 1585 1372 1645; x_wconf 91' lang='lat' dir='ltr'><strong>hominis</strong></span> 
     </span>
     <span class='ocr_line' id='line_1_13' title="bbox 207 1687 1373 1769; baseline -0.004 -19"><span class='ocrx_word' id='word_1_99' title='bbox 207 1689 330 1750; x_wconf 90' lang='lat' dir='ltr'><strong>alicuius</strong></span> <span class='ocrx_word' id='word_1_100' title='bbox 359 1695 439 1748; x_wconf 85' lang='lat' dir='ltr'><strong>aetas</strong></span> <span class='ocrx_word' id='word_1_101' title='bbox 462 1688 650 1766; x_wconf 82' lang='lat' dir='ltr'><strong>designatur,</strong></span> <span class='ocrx_word' id='word_1_102' title='bbox 679 1689 841 1769; x_wconf 88' lang='lat' dir='ltr'><strong>eademque</strong></span> <span class='ocrx_word' id='word_1_103' title='bbox 870 1690 897 1748; x_wconf 89' lang='lat' dir='ltr'><strong>vi</strong></span> <span class='ocrx_word' id='word_1_104' title='bbox 927 1696 956 1749; x_wconf 91' lang='lat' dir='ltr'><strong>et</strong></span> <span class='ocrx_word' id='word_1_105' title='bbox 978 1695 1123 1768; x_wconf 88' lang='lat' dir='ltr'><strong>potestate</strong></span> <span class='ocrx_word' id='word_1_106' title='bbox 1153 1687 1264 1748; x_wconf 89' lang='lat' dir='ltr'><strong>similes</strong></span> <span class='ocrx_word' id='word_1_107' title='bbox 1286 1704 1373 1747; x_wconf 91' lang='lat' dir='ltr'><strong>voces</strong></span> 
     </span>
     <span class='ocr_line' id='line_1_14' title="bbox 207 1784 1371 1871; baseline -0.003 -21"><span class='ocrx_word' id='word_1_108' title='bbox 207 1786 391 1870; x_wconf 81' lang='lat' dir='ltr'><strong>icdxporoc,</strong></span> <span class='ocrx_word' id='word_1_109' title='bbox 414 1788 603 1871; x_wconf 75' lang='grc' dir='ltr'>(υνήκμαεε,</span> <span class='ocrx_word' id='word_1_110' title='bbox 627 1788 818 1864; x_wconf 76' lang='grc' dir='ltr'>ευνεγγίζων</span> <span class='ocrx_word' id='word_1_111' title='bbox 842 1790 906 1866; x_wconf 83' lang='lat' dir='ltr'><strong>(cir.</strong></span> <span class='ocrx_word' id='word_1_112' title='bbox 923 1791 1004 1851; x_wconf 90' lang='lat' dir='ltr'><strong>Arati</strong></span> <span class='ocrx_word' id='word_1_113' title='bbox 1021 1790 1106 1850; x_wconf 84' lang='lat' dir='ltr'><strong>vital</strong></span> <span class='ocrx_word' id='word_1_114' title='bbox 1121 1809 1150 1868; x_wconf 93' lang='lat' dir='ltr'><strong>p.</strong></span> <span class='ocrx_word' id='word_1_115' title='bbox 1167 1793 1195 1859; x_wconf 86' lang='lat'><strong>3,</strong></span> <span class='ocrx_word' id='word_1_116' title='bbox 1212 1789 1238 1850; x_wconf 93' lang='lat' dir='ltr'><strong>ll</strong></span> <span class='ocrx_word' id='word_1_117' title='bbox 1254 1809 1282 1869; x_wconf 91' lang='lat' dir='ltr'><strong>p.</strong></span> <span class='ocrx_word' id='word_1_118' title='bbox 1297 1784 1371 1866; x_wconf 74' lang='lat'>442)</span> 
     </span>
     <span class='ocr_line' id='line_1_15' title="bbox 206 1891 1371 1973; baseline -0.003 -21"><span class='ocrx_word' id='word_1_119' title='bbox 206 1894 325 1972; x_wconf 89' lang='lat' dir='ltr'><strong>saepius</strong></span> <span class='ocrx_word' id='word_1_120' title='bbox 348 1900 540 1971; x_wconf 85' lang='lat' dir='ltr'><strong>usurpantur.</strong></span> <span class='ocrx_word' id='word_1_121' title='bbox 586 1893 626 1952; x_wconf 94' lang='lat' dir='ltr'><strong>Ac</strong></span> <span class='ocrx_word' id='word_1_122' title='bbox 649 1893 673 1951; x_wconf 89' lang='lat' dir='ltr'><strong>si</strong></span> <span class='ocrx_word' id='word_1_123' title='bbox 695 1893 880 1971; x_wconf 66' lang='lat' dir='ltr'><strong>quaerimus</strong></span> <span class='ocrx_word' id='word_1_124' title='bbox 911 1909 1038 1973; x_wconf 93' lang='lat' dir='ltr'><strong>quanam</strong></span> <span class='ocrx_word' id='word_1_125' title='bbox 1066 1911 1099 1952; x_wconf 90' lang='lat' dir='ltr'><strong>re</strong></span> <span class='ocrx_word' id='word_1_126' title='bbox 1122 1891 1228 1952; x_wconf 92' lang='lat' dir='ltr'><strong>Suidas</strong></span> <span class='ocrx_word' id='word_1_127' title='bbox 1251 1891 1296 1950; x_wconf 90' lang='lat' dir='ltr'><strong>vel</strong></span> <span class='ocrx_word' id='word_1_128' title='bbox 1318 1910 1371 1969; x_wconf 94' lang='lat' dir='ltr'><strong>po·</strong></span> 
     </span>
     <span class='ocr_line' id='line_1_16' title="bbox 208 1993 1372 2072; baseline -0.002 -18"><span class='ocrx_word' id='word_1_129' title='bbox 208 1997 267 2054; x_wconf 92' lang='lat' dir='ltr'><strong>tius</strong></span> <span class='ocrx_word' id='word_1_130' title='bbox 290 1993 469 2072; x_wconf 90' lang='lat' dir='ltr'><strong>Hermippus</strong></span> <span class='ocrx_word' id='word_1_131' title='bbox 491 2001 658 2054; x_wconf 90' lang='lat' dir='ltr'><strong>commotus</strong></span> <span class='ocrx_word' id='word_1_132' title='bbox 681 1995 734 2063; x_wconf 90' lang='lat' dir='ltr'><strong>sit,</strong></span> <span class='ocrx_word' id='word_1_133' title='bbox 765 2001 797 2054; x_wconf 91' lang='lat' dir='ltr'><strong>ut</strong></span> <span class='ocrx_word' id='word_1_134' title='bbox 820 1994 1024 2056; x_wconf 82' lang='lat' dir='ltr'><strong>Eratosthenis</strong></span> <span class='ocrx_word' id='word_1_135' title='bbox 1046 1994 1240 2055; x_wconf 86' lang='lat' dir='ltr'><strong>cummaxime</strong></span> <span class='ocrx_word' id='word_1_136' title='bbox 1264 2011 1372 2072; x_wconf 90' lang='lat' dir='ltr'><strong>aequa-</strong></span> 
     </span>
     <span class='ocr_line' id='line_1_17' title="bbox 208 2095 1372 2176; baseline -0.001 -21"><span class='ocrx_word' id='word_1_137' title='bbox 208 2097 264 2156; x_wconf 90' lang='lat' dir='ltr'><strong>lem</strong></span> <span class='ocrx_word' id='word_1_138' title='bbox 293 2096 439 2156; x_wconf 88' lang='lat' dir='ltr'><strong>Rhianum</strong></span> <span class='ocrx_word' id='word_1_139' title='bbox 472 2095 651 2164; x_wconf 90' lang='lat' dir='ltr'><strong>nominaret,</strong></span> <span class='ocrx_word' id='word_1_140' title='bbox 686 2103 810 2176; x_wconf 89' lang='lat' dir='ltr'><strong>apparet</strong></span> <span class='ocrx_word' id='word_1_141' title='bbox 845 2114 912 2156; x_wconf 87' lang='lat' dir='ltr'><strong>cum</strong></span> <span class='ocrx_word' id='word_1_142' title='bbox 945 2096 1054 2156; x_wconf 91' lang='lat' dir='ltr'><strong>nullam</strong></span> <span class='ocrx_word' id='word_1_143' title='bbox 1087 2096 1166 2156; x_wconf 91' lang='lat' dir='ltr'><strong>illius</strong></span> <span class='ocrx_word' id='word_1_144' title='bbox 1199 2096 1273 2154; x_wconf 89' lang='lat' dir='ltr'><strong>vitae</strong></span> <span class='ocrx_word' id='word_1_145' title='bbox 1308 2113 1372 2154; x_wconf 90' lang='lat' dir='ltr'><strong>rem</strong></span> 
     </span>
     <span class='ocr_line' id='line_1_18' title="bbox 208 2195 1371 2276; baseline -0.001 -20"><span class='ocrx_word' id='word_1_146' title='bbox 208 2195 431 2258; x_wconf 88' lang='lat' dir='ltr'><strong>memorabilem</strong></span> <span class='ocrx_word' id='word_1_147' title='bbox 467 2196 502 2256; x_wconf 91' lang='lat' dir='ltr'><strong>ad</strong></span> <span class='ocrx_word' id='word_1_148' title='bbox 537 2199 611 2256; x_wconf 88' lang='lat' dir='ltr'><strong>certi</strong></span> <span class='ocrx_word' id='word_1_149' title='bbox 644 2200 714 2257; x_wconf 89' lang='lat' dir='ltr'><strong>anni</strong></span> <span class='ocrx_word' id='word_1_150' title='bbox 747 2215 904 2258; x_wconf 86' lang='lat' dir='ltr'><strong>numerum</strong></span> <span class='ocrx_word' id='word_1_151' title='bbox 938 2215 1079 2258; x_wconf 88' lang='lat' dir='ltr'><strong>revocare</strong></span> <span class='ocrx_word' id='word_1_152' title='bbox 1107 2197 1250 2276; x_wconf 89' lang='lat' dir='ltr'><strong>potuisse.</strong></span> <span class='ocrx_word' id='word_1_153' title='bbox 1295 2196 1371 2266; x_wconf 81' lang='lat' dir='ltr'><strong>Qua·</strong></span> 
     </span>
     <span class='ocr_line' id='line_1_19' title="bbox 207 2298 1370 2379; baseline -0.002 -21"><span class='ocrx_word' id='word_1_154' title='bbox 207 2305 331 2379; x_wconf 90' lang='lat' dir='ltr'><strong>propter</strong></span> <span class='ocrx_word' id='word_1_155' title='bbox 360 2298 484 2358; x_wconf 90' lang='lat' dir='ltr'><strong>alterum</strong></span> <span class='ocrx_word' id='word_1_156' title='bbox 514 2299 625 2367; x_wconf 92' lang='lat' dir='ltr'><strong>virum,</strong></span> <span class='ocrx_word' id='word_1_157' title='bbox 657 2299 707 2376; x_wconf 93' lang='lat' dir='ltr'><strong>qui</strong></span> <span class='ocrx_word' id='word_1_158' title='bbox 736 2317 794 2378; x_wconf 91' lang='lat' dir='ltr'><strong>qua</strong></span> <span class='ocrx_word' id='word_1_159' title='bbox 822 2306 917 2359; x_wconf 86' lang='lat' dir='ltr'><strong>aetate</strong></span> <span class='ocrx_word' id='word_1_160' title='bbox 948 2300 1067 2359; x_wconf 88' lang='lat' dir='ltr'><strong>vixisset</strong></span> <span class='ocrx_word' id='word_1_161' title='bbox 1089 2299 1274 2359; x_wconf 91' lang='lat' dir='ltr'><strong>notissimum</strong></span> <span class='ocrx_word' id='word_1_162' title='bbox 1298 2304 1370 2366; x_wconf 92' lang='lat' dir='ltr'><strong>erat,</strong></span> 
     </span>
     <span class='ocr_line' id='line_1_20' title="bbox 207 2392 1372 2481; baseline -0.001 -20"><span class='ocrx_word' id='word_1_163' title='bbox 207 2400 336 2461; x_wconf 90' lang='lat' dir='ltr'><strong>debebat</strong></span> <span class='ocrx_word' id='word_1_164' title='bbox 358 2418 518 2481; x_wconf 90' lang='lat' dir='ltr'><strong>quaerere,</strong></span> <span class='ocrx_word' id='word_1_165' title='bbox 543 2408 576 2461; x_wconf 93' lang='lat' dir='ltr'><strong>ut</strong></span> <span class='ocrx_word' id='word_1_166' title='bbox 597 2399 684 2460; x_wconf 93' lang='lat' dir='ltr'><strong>huius</strong></span> <span class='ocrx_word' id='word_1_167' title='bbox 707 2401 859 2479; x_wconf 92' lang='lat' dir='ltr'><strong>aequalem</strong></span> <span class='ocrx_word' id='word_1_168' title='bbox 883 2401 966 2462; x_wconf 92' lang='lat' dir='ltr'><strong>illum</strong></span> <span class='ocrx_word' id='word_1_169' title='bbox 989 2392 1185 2480; x_wconf 85' lang='lat' dir='ltr'><strong>nuncuparet.</strong></span> <span class='ocrx_word' id='word_1_170' title='bbox 1220 2401 1372 2461; x_wconf 87' lang='lat' dir='ltr'><strong>Gramma·</strong></span> 
     </span>
     <span class='ocr_line' id='line_1_21' title="bbox 206 2501 1372 2582; baseline -0.001 -19"><span class='ocrx_word' id='word_1_171' title='bbox 206 2503 282 2563; x_wconf 89' lang='lat' dir='ltr'><strong>ticus</strong></span> <span class='ocrx_word' id='word_1_172' title='bbox 305 2510 401 2562; x_wconf 90' lang='lat' dir='ltr'><strong>autem</strong></span> <span class='ocrx_word' id='word_1_173' title='bbox 425 2520 492 2562; x_wconf 93' lang='lat' dir='ltr'><strong>cum</strong></span> <span class='ocrx_word' id='word_1_174' title='bbox 515 2502 649 2562; x_wconf 91' lang='lat' dir='ltr'><strong>Rhianus</strong></span> <span class='ocrx_word' id='word_1_175' title='bbox 677 2509 770 2572; x_wconf 91' lang='lat' dir='ltr'><strong>esset,</strong></span> <span class='ocrx_word' id='word_1_176' title='bbox 804 2521 902 2563; x_wconf 91' lang='lat' dir='ltr'><strong>nonne</strong></span> <span class='ocrx_word' id='word_1_177' title='bbox 937 2509 1041 2582; x_wconf 90' lang='lat' dir='ltr'><strong>sponte</strong></span> <span class='ocrx_word' id='word_1_178' title='bbox 1069 2504 1108 2562; x_wconf 88' lang='lat' dir='ltr'><strong>ita</strong></span> <span class='ocrx_word' id='word_1_179' title='bbox 1142 2521 1192 2563; x_wconf 90' lang='lat' dir='ltr'><strong>res</strong></span> <span class='ocrx_word' id='word_1_180' title='bbox 1224 2501 1304 2572; x_wconf 92' lang='lat' dir='ltr'><strong>tulit,</strong></span> <span class='ocrx_word' id='word_1_181' title='bbox 1339 2509 1372 2562; x_wconf 90' lang='lat' dir='ltr'><strong>ut</strong></span> 
     </span>
     <span class='ocr_line' id='line_1_22' title="bbox 207 2603 1371 2684; baseline -0.003 -19"><span class='ocrx_word' id='word_1_182' title='bbox 207 2604 386 2684; x_wconf 88' lang='lat' dir='ltr'><strong>Hermippus</strong></span> <span class='ocrx_word' id='word_1_183' title='bbox 409 2604 445 2664; x_wconf 93' lang='lat' dir='ltr'><strong>ad</strong></span> <span class='ocrx_word' id='word_1_184' title='bbox 468 2605 532 2664; x_wconf 89' lang='lat' dir='ltr'><strong>eius</strong></span> <span class='ocrx_word' id='word_1_185' title='bbox 555 2611 680 2664; x_wconf 90' lang='lat' dir='ltr'><strong>aetatem</strong></span> <span class='ocrx_word' id='word_1_186' title='bbox 703 2604 898 2665; x_wconf 86' lang='lat' dir='ltr'><strong>definiendam</strong></span> <span class='ocrx_word' id='word_1_187' title='bbox 922 2605 1045 2665; x_wconf 88' lang='lat' dir='ltr'><strong>alterum</strong></span> <span class='ocrx_word' id='word_1_188' title='bbox 1076 2623 1202 2684; x_wconf 87' lang='lat' dir='ltr'><strong>eumque</strong></span> <span class='ocrx_word' id='word_1_189' title='bbox 1225 2603 1371 2664; x_wconf 90' lang='lat' dir='ltr'><strong>nobilissi-</strong></span> 
     </span>
     <span class='ocr_line' id='line_1_23' title="bbox 208 2705 1372 2784; baseline -0.001 -18"><span class='ocrx_word' id='word_1_190' title='bbox 208 2724 287 2766; x_wconf 91' lang='lat' dir='ltr'><strong>mum</strong></span> <span class='ocrx_word' id='word_1_191' title='bbox 311 2706 434 2783; x_wconf 83' lang='lat' dir='ltr'><strong>eligeret</strong></span> <span class='ocrx_word' id='word_1_192' title='bbox 456 2707 700 2783; x_wconf 81' lang='lat' dir='ltr'><strong>grammaticum?</strong></span> <span class='ocrx_word' id='word_1_193' title='bbox 723 2706 787 2766; x_wconf 91' lang='lat' dir='ltr'><strong>Non</strong></span> <span class='ocrx_word' id='word_1_194' title='bbox 806 2706 875 2766; x_wconf 90' lang='lat' dir='ltr'><strong>mihi</strong></span> <span class='ocrx_word' id='word_1_195' title='bbox 899 2708 927 2766; x_wconf 91' lang='lat' dir='ltr'><strong>in</strong></span> <span class='ocrx_word' id='word_1_196' title='bbox 944 2707 1040 2767; x_wconf 90' lang='lat' dir='ltr'><strong>animo</strong></span> <span class='ocrx_word' id='word_1_197' title='bbox 1056 2714 1101 2774; x_wconf 85' lang='lat' dir='ltr'><strong>est</strong></span> <span class='ocrx_word' id='word_1_198' title='bbox 1116 2724 1225 2784; x_wconf 83' lang='lat' dir='ltr'><strong>negare</strong></span> <span class='ocrx_word' id='word_1_199' title='bbox 1241 2705 1372 2784; x_wconf 91' lang='lat' dir='ltr'><strong>potuisse</strong></span> 
     </span>
     <span class='ocr_line' id='line_1_24' title="bbox 208 2807 1371 2877; baseline -0.002 -9"><span class='ocrx_word' id='word_1_200' title='bbox 208 2808 286 2877; x_wconf 88' lang='lat' dir='ltr'><strong>lieri,</strong></span> <span class='ocrx_word' id='word_1_201' title='bbox 317 2816 348 2867; x_wconf 93' lang='lat' dir='ltr'><strong>ut</strong></span> <span class='ocrx_word' id='word_1_202' title='bbox 376 2807 510 2868; x_wconf 92' lang='lat' dir='ltr'><strong>Rhianus</strong></span> <span class='ocrx_word' id='word_1_203' title='bbox 538 2814 568 2868; x_wconf 90' lang='lat' dir='ltr'><strong>et</strong></span> <span class='ocrx_word' id='word_1_204' title='bbox 590 2807 802 2870; x_wconf 87' lang='lat' dir='ltr'><strong>Eratosthenes</strong></span> <span class='ocrx_word' id='word_1_205' title='bbox 829 2809 955 2869; x_wconf 90' lang='lat' dir='ltr'><strong>amicitia</strong></span> <span class='ocrx_word' id='word_1_206' title='bbox 986 2815 1015 2868; x_wconf 90' lang='lat' dir='ltr'><strong>et</strong></span> <span class='ocrx_word' id='word_1_207' title='bbox 1042 2809 1208 2868; x_wconf 90' lang='lat' dir='ltr'><strong>studiorum</strong></span> <span class='ocrx_word' id='word_1_208' title='bbox 1231 2808 1371 2868; x_wconf 91' lang='lat' dir='ltr'><strong>societate</strong></span> 
     </span>
     <span class='ocr_line' id='line_1_25' title="bbox 208 2908 1371 2978; baseline -0.002 -9"><span class='ocrx_word' id='word_1_209' title='bbox 208 2911 447 2978; x_wconf 87' lang='lat' dir='ltr'><strong>continerentur,</strong></span> <span class='ocrx_word' id='word_1_210' title='bbox 472 2909 523 2969; x_wconf 91' lang='lat' dir='ltr'><strong>sed</strong></span> <span class='ocrx_word' id='word_1_211' title='bbox 546 2910 616 2970; x_wconf 92' lang='lat' dir='ltr'><strong>illud</strong></span> <span class='ocrx_word' id='word_1_212' title='bbox 641 2912 767 2971; x_wconf 88' lang='lat' dir='ltr'><strong>maximo</strong></span> <span class='ocrx_word' id='word_1_213' title='bbox 792 2910 905 2971; x_wconf 89' lang='lat' dir='ltr'><strong>adverti</strong></span> <span class='ocrx_word' id='word_1_214' title='bbox 928 2909 1013 2971; x_wconf 90' lang='lat' dir='ltr'><strong>velim</strong></span> <span class='ocrx_word' id='word_1_215' title='bbox 1037 2912 1239 2971; x_wconf 89' lang='lat' dir='ltr'><strong>coniecturam</strong></span> <span class='ocrx_word' id='word_1_216' title='bbox 1262 2928 1278 2968; x_wconf 94' lang='lat' dir='ltr'><strong>a</strong></span> <span class='ocrx_word' id='word_1_217' title='bbox 1300 2908 1371 2969; x_wconf 89' lang='lat' dir='ltr'><strong>Mei·</strong></span> 
     </span>
     <span class='ocr_line' id='line_1_26' title="bbox 209 3010 1371 3092; baseline -0.003 -20"><span class='ocrx_word' id='word_1_218' title='bbox 209 3011 296 3072; x_wconf 89' lang='lat' dir='ltr'><strong>nehio</strong></span> <span class='ocrx_word' id='word_1_219' title='bbox 319 3013 501 3092; x_wconf 90' lang='lat' dir='ltr'><strong>propositam</strong></span> <span class='ocrx_word' id='word_1_220' title='bbox 525 3030 584 3072; x_wconf 92' lang='lat' dir='ltr'><strong>uon</strong></span> <span class='ocrx_word' id='word_1_221' title='bbox 607 3030 671 3073; x_wconf 87' lang='lat' dir='ltr'><strong>esse</strong></span> <span class='ocrx_word' id='word_1_222' title='bbox 701 3013 740 3072; x_wconf 89' lang='lat' dir='ltr'><strong>ita</strong></span> <span class='ocrx_word' id='word_1_223' title='bbox 765 3020 978 3091; x_wconf 88' lang='lat' dir='ltr'><strong>comparatam,</strong></span> <span class='ocrx_word' id='word_1_224' title='bbox 1009 3020 1042 3073; x_wconf 96' lang='lat' dir='ltr'><strong>ut</strong></span> <span class='ocrx_word' id='word_1_225' title='bbox 1069 3011 1167 3073; x_wconf 92' lang='lat' dir='ltr'><strong>nullus</strong></span> <span class='ocrx_word' id='word_1_226' title='bbox 1195 3010 1371 3073; x_wconf 89' lang='lat' dir='ltr'><strong>dubitationi</strong></span> 
     </span>
     <span class='ocr_line' id='line_1_27' title="bbox 208 3111 503 3189; baseline 0.02 -18"><span class='ocrx_word' id='word_1_227' title='bbox 208 3111 290 3174; x_wconf 91' lang='lat' dir='ltr'><strong>locus</strong></span> <span class='ocrx_word' id='word_1_228' title='bbox 312 3113 503 3189; x_wconf 89' lang='lat' dir='ltr'><strong>relinquatur.</strong></span> 
     </span>
    </p>

    <p class='ocr_par' dir='ltr' id='par_1_4' title="bbox 208 3213 1372 4311">
     <span class='ocr_line' id='line_1_28' title="bbox 292 3213 1371 3295; baseline 0.001 -21"><span class='ocrx_word' id='word_1_229' title='bbox 292 3214 447 3274; x_wconf 86' lang='lat' dir='ltr'><strong>Maximam</strong></span> <span class='ocrx_word' id='word_1_230' title='bbox 481 3234 552 3275; x_wconf 83' lang='lat' dir='ltr'><strong>vero</strong></span> <span class='ocrx_word' id='word_1_231' title='bbox 583 3213 822 3295; x_wconf 89' lang='lat' dir='ltr'><strong>probabilitatem</strong></span> <span class='ocrx_word' id='word_1_232' title='bbox 857 3214 955 3276; x_wconf 89' lang='lat' dir='ltr'><strong>habet</strong></span> <span class='ocrx_word' id='word_1_233' title='bbox 974 3215 1106 3276; x_wconf 90' lang='lat' dir='ltr'><strong>eiusdem</strong></span> <span class='ocrx_word' id='word_1_234' title='bbox 1134 3214 1273 3275; x_wconf 90' lang='lat' dir='ltr'><strong>hleinehii</strong></span> <span class='ocrx_word' id='word_1_235' title='bbox 1302 3234 1371 3275; x_wconf 92' lang='lat' dir='ltr'><strong>con·</strong></span> 
     </span>
     <span class='ocr_line' id='line_1_29' title="bbox 208 3314 1371 3396; baseline 0.001 -22"><span class='ocrx_word' id='word_1_236' title='bbox 208 3317 320 3376; x_wconf 88' lang='lat' dir='ltr'><strong>iectura</strong></span> <span class='ocrx_word' id='word_1_237' title='bbox 344 3314 451 3386; x_wconf 87' lang='lat' dir='ltr'><strong>altera,</strong></span> <span class='ocrx_word' id='word_1_238' title='bbox 476 3316 591 3394; x_wconf 83' lang='lat' dir='ltr'><strong>degisse</strong></span> <span class='ocrx_word' id='word_1_239' title='bbox 614 3316 760 3376; x_wconf 88' lang='lat' dir='ltr'><strong>Rhianum</strong></span> <span class='ocrx_word' id='word_1_240' title='bbox 785 3316 965 3396; x_wconf 89' lang='lat' dir='ltr'><strong>aliquamdiu</strong></span> <span class='ocrx_word' id='word_1_241' title='bbox 981 3316 1184 3386; x_wconf 88' lang='lat' dir='ltr'><strong>Alexandriae,</strong></span> <span class='ocrx_word' id='word_1_242' title='bbox 1208 3335 1284 3394; x_wconf 88' lang='lat' dir='ltr'><strong>quae</strong></span> <span class='ocrx_word' id='word_1_243' title='bbox 1306 3316 1371 3396; x_wconf 91' lang='lat' dir='ltr'><strong>qui·</strong></span> 
     </span>
     <span class='ocr_line' id='line_1_30' title="bbox 209 3417 1372 3498; baseline 0 -20"><span class='ocrx_word' id='word_1_244' title='bbox 209 3418 275 3478; x_wconf 89' lang='lat' dir='ltr'><strong>dem</strong></span> <span class='ocrx_word' id='word_1_245' title='bbox 302 3435 369 3478; x_wconf 93' lang='lat' dir='ltr'><strong>cum</strong></span> <span class='ocrx_word' id='word_1_246' title='bbox 393 3436 426 3477; x_wconf 91' lang='lat' dir='ltr'><strong>ea</strong></span> <span class='ocrx_word' id='word_1_247' title='bbox 450 3418 485 3477; x_wconf 93' lang='lat' dir='ltr'><strong>de</strong></span> <span class='ocrx_word' id='word_1_248' title='bbox 510 3425 566 3498; x_wconf 88' lang='lat' dir='ltr'><strong>qua</strong></span> <span class='ocrx_word' id='word_1_249' title='bbox 596 3418 683 3478; x_wconf 90' lang='lat' dir='ltr'><strong>modo</strong></span> <span class='ocrx_word' id='word_1_250' title='bbox 706 3418 834 3478; x_wconf 90' lang='lat' dir='ltr'><strong>diximus</strong></span> <span class='ocrx_word' id='word_1_251' title='bbox 864 3425 922 3478; x_wconf 90' lang='lat' dir='ltr'><strong>tam</strong></span> <span class='ocrx_word' id='word_1_252' title='bbox 956 3425 1019 3478; x_wconf 89' lang='lat' dir='ltr'><strong>arte</strong></span> <span class='ocrx_word' id='word_1_253' title='bbox 1047 3418 1202 3488; x_wconf 87' lang='lat' dir='ltr'><strong>cohaeret,</strong></span> <span class='ocrx_word' id='word_1_254' title='bbox 1238 3425 1270 3478; x_wconf 92' lang='lat' dir='ltr'><strong>ut</strong></span> <span class='ocrx_word' id='word_1_255' title='bbox 1298 3417 1372 3478; x_wconf 90' lang='lat' dir='ltr'><strong>haec</strong></span> 
     </span>
     <span class='ocr_line' id='line_1_31' title="bbox 209 3517 1371 3599; baseline 0 -21"><span class='ocrx_word' id='word_1_256' title='bbox 209 3519 272 3579; x_wconf 91' lang='lat' dir='ltr'><strong>sine</strong></span> <span class='ocrx_word' id='word_1_257' title='bbox 295 3517 344 3579; x_wconf 92' lang='lat' dir='ltr'><strong>illa</strong></span> <span class='ocrx_word' id='word_1_258' title='bbox 367 3527 446 3579; x_wconf 91' lang='lat' dir='ltr'><strong>stare</strong></span> <span class='ocrx_word' id='word_1_259' title='bbox 469 3537 528 3579; x_wconf 91' lang='lat' dir='ltr'><strong>non</strong></span> <span class='ocrx_word' id='word_1_260' title='bbox 552 3522 655 3598; x_wconf 90' lang='lat' dir='ltr'><strong>possit.</strong></span> <span class='ocrx_word' id='word_1_261' title='bbox 702 3519 820 3580; x_wconf 90' lang='lat' dir='ltr'><strong>Scilicet</strong></span> <span class='ocrx_word' id='word_1_262' title='bbox 850 3520 1015 3599; x_wconf 90' lang='lat' dir='ltr'><strong>siquando</strong></span> <span class='ocrx_word' id='word_1_263' title='bbox 1043 3539 1098 3599; x_wconf 92' lang='lat' dir='ltr'><strong>pro</strong></span> <span class='ocrx_word' id='word_1_264' title='bbox 1129 3539 1198 3580; x_wconf 88' lang='lat' dir='ltr'><strong>vero</strong></span> <span class='ocrx_word' id='word_1_265' title='bbox 1221 3519 1371 3587; x_wconf 90' lang='lat' dir='ltr'><strong>habueris,</strong></span> 
     </span>
     <span class='ocr_line' id='line_1_32' title="bbox 208 3615 1372 3701; baseline 0.001 -22"><span class='ocrx_word' id='word_1_266' title='bbox 208 3620 290 3682; x_wconf 93' lang='lat' dir='ltr'><strong>illum</strong></span> <span class='ocrx_word' id='word_1_267' title='bbox 318 3622 444 3681; x_wconf 92' lang='lat' dir='ltr'><strong>amicum</strong></span> <span class='ocrx_word' id='word_1_268' title='bbox 473 3622 564 3681; x_wconf 90' lang='lat' dir='ltr'><strong>luisse</strong></span> <span class='ocrx_word' id='word_1_269' title='bbox 593 3621 810 3690; x_wconf 87' lang='lat' dir='ltr'><strong>Eratosthenis,</strong></span> <span class='ocrx_word' id='word_1_270' title='bbox 847 3615 1018 3681; x_wconf 81' lang='lat' dir='ltr'><strong>lacere&#39;vix</strong></span> <span class='ocrx_word' id='word_1_271' title='bbox 1047 3621 1175 3700; x_wconf 90' lang='lat' dir='ltr'><strong>poteris,</strong></span> <span class='ocrx_word' id='word_1_272' title='bbox 1204 3622 1274 3701; x_wconf 91' lang='lat' dir='ltr'><strong>quin</strong></span> <span class='ocrx_word' id='word_1_273' title='bbox 1305 3639 1372 3681; x_wconf 90' lang='lat' dir='ltr'><strong>eum</strong></span> 
     </span>
     <span class='ocr_line' id='line_1_33' title="bbox 210 3722 1371 3803; baseline 0.001 -19"><span class='ocrx_word' id='word_1_274' title='bbox 210 3723 401 3784; x_wconf 74' lang='lat' dir='ltr'><strong>Alexandriae</strong></span> <span class='ocrx_word' id='word_1_275' title='bbox 425 3729 637 3782; x_wconf 89' lang='lat' dir='ltr'><strong>commoratum</strong></span> <span class='ocrx_word' id='word_1_276' title='bbox 667 3741 731 3783; x_wconf 90' lang='lat' dir='ltr'><strong>esse</strong></span> <span class='ocrx_word' id='word_1_277' title='bbox 756 3740 892 3792; x_wconf 89' lang='lat' dir='ltr'><strong>censeas,</strong></span> <span class='ocrx_word' id='word_1_278' title='bbox 923 3723 1061 3801; x_wconf 90' lang='lat' dir='ltr'><strong>quoniam</strong></span> <span class='ocrx_word' id='word_1_279' title='bbox 1084 3722 1295 3784; x_wconf 88' lang='lat' dir='ltr'><strong>Eratosthenes</strong></span> <span class='ocrx_word' id='word_1_280' title='bbox 1317 3724 1371 3803; x_wconf 83' lang='lat' dir='ltr'><strong>Cy·</strong></span> 
     </span>
     <span class='ocr_line' id='line_1_34' title="bbox 210 3823 1371 3904; baseline 0.002 -22"><span class='ocrx_word' id='word_1_281' title='bbox 210 3825 288 3884; x_wconf 89' lang='lat' dir='ltr'><strong>renis</strong></span> <span class='ocrx_word' id='word_1_282' title='bbox 313 3823 387 3883; x_wconf 91' lang='lat' dir='ltr'><strong>urhe</strong></span> <span class='ocrx_word' id='word_1_283' title='bbox 404 3831 504 3891; x_wconf 86' lang='lat' dir='ltr'><strong>natus,</strong></span> <span class='ocrx_word' id='word_1_284' title='bbox 532 3830 564 3884; x_wconf 90' lang='lat' dir='ltr'><strong>ut</strong></span> <span class='ocrx_word' id='word_1_285' title='bbox 586 3824 692 3884; x_wconf 91' lang='lat' dir='ltr'><strong>litteris</strong></span> <span class='ocrx_word' id='word_1_286' title='bbox 707 3825 856 3892; x_wconf 87' lang='lat' dir='ltr'><strong>studeret,</strong></span> <span class='ocrx_word' id='word_1_287' title='bbox 879 3826 1007 3904; x_wconf 91' lang='lat' dir='ltr'><strong>primum</strong></span> <span class='ocrx_word' id='word_1_288' title='bbox 1023 3824 1239 3894; x_wconf 90' lang='lat' dir='ltr'><strong>Alexandriam,</strong></span> <span class='ocrx_word' id='word_1_289' title='bbox 1264 3824 1371 3885; x_wconf 91' lang='lat' dir='ltr'><strong>deinde</strong></span> 
     </span>
     <span class='ocr_line' id='line_1_35' title="bbox 208 3925 1371 4006; baseline -0.001 -19"><span class='ocrx_word' id='word_1_290' title='bbox 208 3925 336 3987; x_wconf 90' lang='lat' dir='ltr'><strong>Athenas</strong></span> <span class='ocrx_word' id='word_1_291' title='bbox 351 3943 382 3984; x_wconf 91' lang='lat' dir='ltr'><strong>se</strong></span> <span class='ocrx_word' id='word_1_292' title='bbox 399 3925 538 3994; x_wconf 91' lang='lat' dir='ltr'><strong>contulit,</strong></span> <span class='ocrx_word' id='word_1_293' title='bbox 562 3925 641 3986; x_wconf 92' lang='lat' dir='ltr'><strong>unde</strong></span> <span class='ocrx_word' id='word_1_294' title='bbox 664 3943 679 3984; x_wconf 89' lang='lat' dir='ltr'><strong>a</strong></span> <span class='ocrx_word' id='word_1_295' title='bbox 697 3925 863 3986; x_wconf 87' lang='lat' dir='ltr'><strong>Ptolemaeo</strong></span> <span class='ocrx_word' id='word_1_296' title='bbox 879 3927 1026 4004; x_wconf 83' lang='lat' dir='ltr'><strong>Euergeta</strong></span> <span class='ocrx_word' id='word_1_297' title='bbox 1042 3933 1180 3988; x_wconf 89' lang='lat' dir='ltr'><strong>evocatus</strong></span> <span class='ocrx_word' id='word_1_298' title='bbox 1195 3933 1371 4006; x_wconf 88' lang='lat' dir='ltr'><strong>perpetuum</strong></span> 
     </span>
     <span class='ocr_line' id='line_1_36' title="bbox 210 4026 1371 4108; baseline -0.001 -20"><span class='ocrx_word' id='word_1_299' title='bbox 210 4027 401 4088; x_wconf 84' lang='lat' dir='ltr'><strong>Alexandriae</strong></span> <span class='ocrx_word' id='word_1_300' title='bbox 426 4027 608 4088; x_wconf 91' lang='lat' dir='ltr'><strong>domicilium</strong></span> <span class='ocrx_word' id='word_1_301' title='bbox 624 4026 786 4088; x_wconf 91' lang='lat' dir='ltr'><strong>collocavit.</strong></span> <span class='ocrx_word' id='word_1_302' title='bbox 813 4027 873 4088; x_wconf 88' lang='lat' dir='ltr'><strong>lam</strong></span> <span class='ocrx_word' id='word_1_303' title='bbox 889 4029 965 4090; x_wconf 92' lang='lat' dir='ltr'><strong>hanc</strong></span> <span class='ocrx_word' id='word_1_304' title='bbox 982 4028 1099 4108; x_wconf 90' lang='lat' dir='ltr'><strong>quidem</strong></span> <span class='ocrx_word' id='word_1_305' title='bbox 1124 4028 1162 4088; x_wconf 92' lang='lat' dir='ltr'><strong>ob</strong></span> <span class='ocrx_word' id='word_1_306' title='bbox 1178 4046 1297 4089; x_wconf 89' lang='lat' dir='ltr'><strong>causam</strong></span> <span class='ocrx_word' id='word_1_307' title='bbox 1312 4046 1371 4087; x_wconf 91' lang='lat' dir='ltr'><strong>non</strong></span> 
     </span>
     <span class='ocr_line' id='line_1_37' title="bbox 210 4130 1372 4210; baseline -0.001 -21"><span class='ocrx_word' id='word_1_308' title='bbox 210 4131 255 4198; x_wconf 87' lang='lat' dir='ltr'><strong>ht,</strong></span> <span class='ocrx_word' id='word_1_309' title='bbox 281 4137 311 4189; x_wconf 91' lang='lat' dir='ltr'><strong>ut</strong></span> <span class='ocrx_word' id='word_1_310' title='bbox 334 4130 544 4199; x_wconf 90' lang='lat' dir='ltr'><strong>assentiamur,</strong></span> <span class='ocrx_word' id='word_1_311' title='bbox 569 4139 598 4189; x_wconf 89' lang='lat' dir='ltr'><strong>at</strong></span> <span class='ocrx_word' id='word_1_312' title='bbox 613 4130 784 4189; x_wconf 89' lang='lat' dir='ltr'><strong>coniectura</strong></span> <span class='ocrx_word' id='word_1_313' title='bbox 807 4130 855 4190; x_wconf 90' lang='lat' dir='ltr'><strong>illa</strong></span> <span class='ocrx_word' id='word_1_314' title='bbox 872 4131 935 4190; x_wconf 90' lang='lat' dir='ltr'><strong>allis</strong></span> <span class='ocrx_word' id='word_1_315' title='bbox 958 4138 1077 4210; x_wconf 87' lang='lat' dir='ltr'><strong>tamquo</strong></span> <span class='ocrx_word' id='word_1_316' title='bbox 1100 4130 1193 4190; x_wconf 84' lang='lat' dir='ltr'><strong>firmis</strong></span> <span class='ocrx_word' id='word_1_317' title='bbox 1215 4147 1372 4206; x_wconf 81' lang='lat' dir='ltr'><strong>argumen-</strong></span> 
     </span>
     <span class='ocr_line' id='line_1_38' title="bbox 210 4229 1371 4311; baseline -0.001 -20"><span class='ocrx_word' id='word_1_318' title='bbox 210 4234 247 4292; x_wconf 90' lang='lat' dir='ltr'><strong>tis</strong></span> <span class='ocrx_word' id='word_1_319' title='bbox 276 4231 513 4299; x_wconf 88' lang='lat' dir='ltr'><strong>commendatur‚</strong></span> <span class='ocrx_word' id='word_1_320' title='bbox 550 4239 583 4292; x_wconf 92' lang='lat' dir='ltr'><strong>ut</strong></span> <span class='ocrx_word' id='word_1_321' title='bbox 611 4231 647 4292; x_wconf 93' lang='lat' dir='ltr'><strong>ad</strong></span> <span class='ocrx_word' id='word_1_322' title='bbox 676 4250 777 4292; x_wconf 89' lang='lat' dir='ltr'><strong>verum</strong></span> <span class='ocrx_word' id='word_1_323' title='bbox 806 4251 894 4311; x_wconf 90' lang='lat' dir='ltr'><strong>quam</strong></span> <span class='ocrx_word' id='word_1_324' title='bbox 925 4233 1058 4311; x_wconf 87' lang='lat' dir='ltr'><strong>proxime</strong></span> <span class='ocrx_word' id='word_1_325' title='bbox 1087 4229 1253 4304; x_wconf 82' lang='lat' dir='ltr'><strong>accedat.⁹l</strong></span> <span class='ocrx_word' id='word_1_326' title='bbox 1298 4229 1371 4290; x_wconf 90' lang='lat' dir='ltr'><strong>Nam</strong></span> 
     </span>
    </p>
   </div>
   <div class='ocr_carea' id='block_1_3' title="bbox 277 4344 1372 4417">
    <p class='ocr_par' dir='ltr' id='par_1_5' title="bbox 277 4344 1372 4417">
     <span class='ocr_line' id='line_1_39' title="bbox 277 4344 1372 4417; baseline -0.003 -17"><span class='ocrx_word' id='word_1_327' title='bbox 277 4351 304 4415; x_wconf 84' lang='lat'><strong>9)</strong></span> <span class='ocrx_word' id='word_1_328' title='bbox 323 4345 448 4398; x_wconf 81' lang='lat' dir='ltr'><strong>Eundem</strong></span> <span class='ocrx_word' id='word_1_329' title='bbox 467 4345 634 4400; x_wconf 84' lang='lat' dir='ltr'><strong>sententiam</strong></span> <span class='ocrx_word' id='word_1_330' title='bbox 651 4345 770 4417; x_wconf 82' lang='lat' dir='ltr'><strong>protulit</strong></span> <span class='ocrx_word' id='word_1_331' title='bbox 786 4346 872 4401; x_wconf 84' lang='lat' dir='ltr'><strong>etiam</strong></span> <span class='ocrx_word' id='word_1_332' title='bbox 895 4346 1028 4402; x_wconf 74' lang='lat' dir='ltr'><strong>rudolfus</strong></span> <span class='ocrx_word' id='word_1_333' title='bbox 1044 4345 1228 4399; x_wconf 84' lang='lat' dir='ltr'><strong>Merkelius</strong></span> <span class='ocrx_word' id='word_1_334' title='bbox 1244 4344 1372 4414; x_wconf 79' lang='lat' dir='ltr'><strong>prolegg.</strong></span> 
     </span>
    </p>
   </div>
   <div class='ocr_carea' id='block_1_4' title="bbox 0 0 1676 5164">
    <p class='ocr_par' dir='ltr' id='par_1_6' title="bbox 0 0 1676 5164">
     <span class='ocr_line' id='line_1_40' title="bbox 0 0 1676 5164; baseline 0 0"><span class='ocrx_word' id='word_1_335' title='bbox 0 0 1676 5164; x_wconf 95' lang='lat' dir='ltr'><strong> </strong></span> 
     </span>
    </p>
   </div>
  </div>
 </body>
</html>
