3340 5164
767 352 809 416 39

208 546 400 608 mediocriter
417 543 658 622 commendatum
676 561 742 603 nam
755 560 830 622 quae
848 543 887 603 sit
903 543 993 604 dativi
1004 547 1082 604 ratio
1092 562 1159 604 curn
1176 544 1268 605 verbo
1284 542 1372 608 ἀπω-

207 649 274 713 θεῖν
291 647 452 716 coniuncti,
468 645 546 727 quod
563 647 672 707 ceteris
686 646 759 706 locis
775 661 842 705 curn
863 647 1000 724 genetivo
1016 654 1220 714 construatur,
1244 645 1293 707 hic
1308 647 1372 727 ipse

207 769 312 812 versus
327 749 496 811 luculenter
511 748 704 808 demonstret.
735 747 798 819 Qua
810 749 841 806 in
859 765 893 807 re
914 765 1001 827 quarn
1018 754 1100 807 recte
1115 747 1250 808 Rhianus
1265 751 1371 825 egerit,

206 850 344 933 pluribus
367 867 516 930 exponere
539 867 661 910 necesse
684 867 744 909 non
768 855 829 917 est,
854 866 922 908 cerm
950 847 1008 908 iarn
1031 848 1194 909 Aristarchi
1217 865 1371 910 assensum

207 960 312 1014 nactus
339 954 378 1012 sit
403 959 437 1036 ¹et
465 950 549 1011 multi
577 953 660 1031 iique
688 950 855 1028 gravissimi
878 949 956 1010 inter
984 956 1132 1010 nostrates
1161 947 1370 1030 philologos29)

207 1054 363 1115 lectionem
392 1073 407 1113 a
436 1054 573 1132 principe
602 1052 869 1113 Alexandrinorum
900 1052 1122 1133 comprobatam
1153 1054 1241 1112 unice
1270 1071 1371 1113 verani

207 1174 272 1216 esse
296 1156 482 1216 edocuerint.

291 1257 334 1318 Ex
366 1256 468 1317 eadem
506 1255 637 1316 editione
672 1252 847 1315 Massiliensi
880 1257 1002 1335 repetiit
1034 1273 1122 1334 quarn
1154 1254 1187 1317 Π
1214 1251 1256 1317 59
1290 1249 1401 1316 dedit8

205 1359 382 1427 lectionem,
412 1376 500 1438 quam
523 1356 684 1416 dolendum
708 1355 853 1435 estquod
877 1357 997 1417 codices
1025 1374 1085 1416 non
1107 1357 1312 1436 incorruptam
1335 1358 1371 1418 ad

144 1476 147 1480 ·
206 1478 262 1519 nos
282 1465 530 1539 propagaverunt.
568 1457 789 1518 Sententiarum
812 1476 942 1519 conexus
964 1458 1013 1519 hic
1037 1465 1090 1518 est.
1125 1457 1261 1518 Patroclo
1284 1461 1371 1520 enixe

205 1561 340 1639 roganti,
364 1579 401 1621 ne
425 1560 553 1639 amplius
574 1573 704 1639 pugnam
733 1559 893 1628 detrectet,
917 1559 1047 1620 Achilles
1070 1559 1247 1638 respondet,
1271 1578 1303 1620 se
1326 1562 1372 1620 in·

206 1663 340 1740 digniora
363 1677 484 1742 passum
500 1679 565 1722 esse
588 1659 729 1740 superbia
745 1662 995 1737 AgamemnoniS,
1018 1678 1105 1741 quarn
1134 1668 1167 1721 nt
1188 1663 1263 1722 iram
1281 1661 1371 1741 depo-

205 1772 308 1824 neret:
338 1765 417 1829 hunc
440 1764 518 1823 enim
543 1779 646 1823 ausum
663 1779 727 1822 esse
744 1762 878 1823 Briseida
900 1762 959 1822 sibi
983 1764 1116 1842 eripere,
1145 1780 1233 1842 quarn
1256 1764 1371 1841 aprin-

206 1865 323 1944 cipihus
345 1865 524 1926 Achivorum
548 1865 714 1943 praemium
739 1864 918 1942 accepisset:

357 1998 414 2077 τὴν
437 1997 471 2062 δ’
493 1998 541 2077 ἂψ
565 1997 599 2062 ἐκ
621 1999 738 2076 χειρῶν
761 1996 852 2062 ἕλετο
875 1995 990 2076 κρείων
1013 1995 1218 2078 Ἀγαμέμνων

356 2098 529 2182 Ἀτρείδης,
555 2098 629 2164 circei
649 2098 716 2164 τιν’
738 2097 888 2179 ἀτίμητον
911 2098 1118 2178 μετανάετην.
1232 2169 1237 2180 ,

205 2237 286 2297 ldem
309 2254 413 2296 versus
435 2243 480 2297 est
502 2237 592 2296 etiam
617 2235 623 2296 Ι
647 2232 709 2297 648
731 2234 902 2317 μνήεομαι,
927 2232 972 2297 ὥ(
994 2234 1030 2313 μ’
1051 2233 1220 2314 ἀεύφηλον
1243 2235 1278 2298 ἐν
1301 2235 1369 2314 Ἀρ-

204 2335 334 2412 γείοιειν
369 2333 476 2413 ἔρεξεν
511 2335 682 2416 Ἀτρείδης,
719 2335 793 2401 ὡεεί
825 2335 890 2401 τιν’
924 2335 1074 2414 ἀτίμητον
1109 2335 1303 2416 μετανὰετην
1322 2335 1368 2414 ³⁰),

204 2457 279 2518 quae
309 2438 400 2498 verba
430 2438 504 2498 nihil
533 2438 674 2499 exhibent
707 2439 834 2516 negotii,
870 2456 937 2499 nani
968 2456 1034 2498 curn
1063 2457 1101 2517 με
1128 2440 1368 2518 praegrediatur,

205 2539 327 2600 dubium
350 2557 408 2600 non
432 2523 587 2620 ε31,ὀα1ο
611 2539 820 2610 adtonitam,
845 2541 896 2620 qui
917 2539 991 2600 haec
1013 2541 1161 2620 loquitur,
1185 2541 1369 2602 additamen-

272 2809 316 2872 29)
335 2803 486 2876 Displienit
506 2804 642 2861 Zenodoti
663 2806 747 2862 lectio
769 2805 883 2876 praeter
904 2806 1156 2862 Lachmannnm
1173 2806 1368 2862 Duentzero

204 2889 305 2945 Zenod.
323 2906 350 2959 p.
370 2895 419 2944 143
441 2891 470 2944 et
487 2889 619 2945 Zeitsehr.
642 2891 660 2944 f.
678 2889 704 2944 d.
728 2889 982 2960 Gymnasialwesen
999 2891 1063 2945 XlV
1085 2896 1147 2957 334,
1170 2891 1313 2946 Lehrsio
1340 2892 1369 2944 in

204 2974 315 3029 Diurnis
327 2973 491 3042 antiquariis
503 2991 528 3029 a.
548 2981 614 3030 1834
629 2993 657 3045 p.
671 2983 733 3042 139,
751 2975 799 3045 qui
817 2975 993 3045 Spitznernm
1010 2975 1191 3045 vituperavit,
1216 2964 1291 3044 quod
1307 2975 1368 3030 Ari-

203 3058 307 3114 starchi
328 3057 468 3114 rationem
488 3059 704 3128 repudiavisset,
727 3059 890 3130 Bergkio,
917 3059 1139 3127 eutitianae
1166 3078 1193 3128 p.
1211 3066 1262 3114 498
1290 3060 1368 3114 illam

203 3160 238 3198 ne
256 3157 387 3213 graecam
400 3142 513 3210 quidem
531 3141 587 3197 dici
603 3161 685 3213 posse
698 3143 853 3210 contendit,
871 3142 1019 3198 Ameisio
1037 3143 1066 3196 in
1084 3143 1204 3213 append.
1223 3145 1260 3198 ad
1272 3144 1368 3198 Iliadis

204 3227 270 3282 edit.
292 3245 320 3297 p.
340 3234 364 3282 7.
388 3227 515 3296 Recepta
537 3229 579 3281 est
601 3228 753 3282 Aristarchi
775 3229 805 3282 et
826 3227 927 3282 Rhiani
949 3227 1033 3282 lectio
1057 3228 1093 3281 ab
1111 3227 1190 3284 Imm.
1208 3228 1367 3282 Beklrero
1476 3234 1479 3240 '

202 3311 232 3365 in
250 3312 293 3367 ed.
311 3313 372 3378 alt„
400 3311 536 3378 Ameisio,
562 3311 731 3378 Duentzero,
759 3311 828 3366 aliis.
854 3341 887 3352 -
916 3312 949 3365 In
971 3313 1132 3367 transcursu
1150 3328 1368 3368 commemorare

201 3395 291 3463 iuvat,
313 3396 343 3450 in
360 3395 471 3450 scholiis
489 3396 526 3451 ad
542 3395 623 3450 Hom.
646 3396 677 3450 ll.
696 3395 897 3466 Lipsiensibus,
921 3413 993 3465 quae
1010 3395 1115 3451 Ludov.
1134 3395 1368 3452 Bachmannus

203 3499 228 3537 a.
248 3486 313 3536 1835
336 3481 437 3546 edidit,
461 3480 515 3536 vol.
539 3481 553 3534 I
574 3499 601 3551 p.
622 3486 653 3536 15
677 3479 801 3535 scholion
824 3483 889 3535 οὐδ’
911 3483 960 3548 ὅγε
987 3483 1033 3536 καὶ
1055 3481 1072 3546 ἡ
1102 3481 1323 3550 Μαεειλιωτικὴ,
1348 3485 1365 3548 ἡ

204 3568 314 3621 Ῥιανοῦ
334 3569 380 3620 καὶ
398 3565 496 3632 εχεδὸν
514 3571 598 3620 adcor
616 3567 681 3620 οὐδ’
698 3568 748 3633 ὅγε
766 3568 833 3633 πρὶν
851 3569 1005 3621 Δαναοῑειν
1023 3565 1116 3620 ἀεικέα
1134 3567 1231 3632 λοιγὸν
1250 3568 1366 3624 ἀπώεει.

202 3653 277 3705 ἔοικε
294 3651 325 3704 δὲ
342 3651 359 3716 ἡ
379 3651 461 3718 ἑτέρα
479 3651 643 3718 Ζηνοδότου
668 3651 740 3704 εἶναι
767 3650 879 3704 arceto
904 3649 967 3703 loco
990 3650 1135 3703 aberrasse
1157 3650 1187 3703 et
1207 3652 1299 3704 versui
1317 3657 1365 3704 291

202 3733 354 3804 ascriptum
385 3751 460 3800 esse,
490 3732 520 3786 id
552 3733 627 3800 quod
659 3733 761 3787 mirum
788 3734 832 3788 est
856 3733 962 3803 fugisse
984 3732 1195 3786 Bachmannum
1221 3732 1366 3789 editorem.

202 3819 353 3874 Praeterea
371 3819 466 3872 autern
484 3817 582 3872 scholii
599 3817 721 3887 initium,
746 3820 778 3874 ut
798 3836 872 3873 nune
893 3818 1009 3888 legitur,
1033 3817 1184 3871 absurdum
1207 3818 1261 3872 hoc
1282 3819 1366 3873 modo

203 3903 383 3958 correxerim:
408 3904 473 3956 οὐδ’
495 3904 557 3968 ὅγε·
584 3904 828 3970 ἡΜαεειλιωτικὴ
848 3905 929 3968 καὶὴ
955 3905 1064 3958 Ῥιανοῦ
1088 3905 1133 3956 καί
1152 3905 1251 3969 εχεδὸν
1268 3909 1365 3958 πᾶεαι·

202 3989 267 4043 οὐδ’
286 3989 336 4054 ὅγε
354 3989 422 4054 πρὶν
441 3989 507 4054 cet,
525 3989 558 4041 ut
574 3985 668 4042 verbis
685 3989 751 4042 οὐδ’
774 3989 824 4054 ὅγε
841 3987 953 4042 initium
969 4003 1065 4042 versus
1083 3993 1115 4041 97
1128 3986 1311 4056 significetur,
1330 3988 1366 4042 ad

203 4088 286 4140 quem
304 4087 376 4140 quae
394 4073 547 4139 sequuntur
564 4071 701 4126 adnotata
719 4072 791 4131 sunt.

270 4159 313 4222 30)
331 4155 503 4210 Dnentzerus
528 4157 559 4210 in
585 4155 628 4211 ed.
649 4156 682 4209 11.
705 4156 742 4211 ad
758 4157 787 4211 h.
805 4157 823 4211 l.
842 4155 1000 4223 adnotavit,
1026 4156 1091 4211 hinc
1108 4173 1236 4222 versum,
1258 4157 1292 4210 de
1310 4174 1365 4226 qno

202 4241 309 4311 agitur,
326 4257 475 4312 perperam
492 4240 632 4296 invectum
649 4257 709 4296 esse
721 4242 750 4297 Π
762 4247 807 4309 59,
826 4258 911 4310 quarn
922 4242 1101 4309 sententiam,
1120 4259 1182 4296 cum
1200 4244 1367 4312 argumenta

201 4340 257 4380 non
273 4325 435 4395 protulerit,
454 4325 482 4378 in
500 4325 593 4380 medio
610 4325 745 4393 relinquo.
