3340 5164
873 394 915 458 42

313 688 440 748 interest
460 705 515 748 nec
538 688 696 766 quicquam
719 687 749 747 in
771 705 805 748 re
822 693 941 748 narrata
956 690 1103 756 variatur,
1128 690 1189 749 sive
1210 685 1276 750 ἀπὸ
1300 691 1386 767 βοῶν
1402 691 1478 755 teitu

313 789 374 848 sive
397 789 485 866 βοῶν
513 784 668 850 ἀπέαευα
696 789 780 851 dicis.
826 788 900 860 Quid
928 789 1005 869 quod
1035 791 1129 869 ipsius
1156 790 1383 869 praepositionis
1411 789 1477 854 ἀπό

313 907 385 950 usus
406 890 464 950 hoc
486 888 551 950 loco
579 909 639 950 non
667 895 749 950 caret
774 890 850 951 iusta
874 891 1054 952 offensione?
1091 891 1223 952 Primum
1253 894 1332 952 enfin
1361 911 1416 972 per
1444 913 1476 955 se

315 997 547 1052 consentaneum
581 998 640 1060 est,
673 991 820 1062 Aeneam,
856 1011 943 1072 quern
977 991 1105 1053 Achilles
1138 993 1282 1052 inermem
1318 1012 1477 1072 aggressus

313 1098 392 1154 esset
424 1100 455 1153 et
486 1093 648 1171 fugientem
682 1101 928 1172 persequeretur,
962 1112 1022 1155 non
1051 1113 1128 1154 cum
1162 1112 1253 1172 grege
1276 1113 1329 1156 suo
1352 1097 1475 1174 fugisse,

314 1196 366 1256 sed
389 1212 510 1273 gregem
535 1195 717 1265 deseruisse,
740 1202 773 1256 ut
796 1213 879 1256 suam
903 1201 985 1256 certe
1007 1198 1097 1256 vitam
1120 1197 1189 1273 fuga
1205 1214 1291 1276 quam
1315 1197 1475 1259 celerrfma

313 1303 459 1358 servaret:
493 1314 744 1376 supervacaneum
778 1298 938 1374 igiturest
965 1297 1024 1357 dici
1047 1315 1114 1356 eum
1143 1293 1208 1360 ἀπὸ
1233 1300 1319 1375 βοιίιν
1342 1301 1474 1378 fugatum

313 1415 390 1458 esse.
428 1397 541 1470 Deinde
564 1402 662 1457 autem
684 1400 710 1458 si
732 1397 880 1458 Homerus
906 1399 1039 1459 indicare
1062 1397 1155 1458 voluit
1176 1399 1289 1469 locum,
1319 1401 1397 1461 unde
1418 1402 1475 1462 Ae-

312 1517 385 1560 neas
407 1497 444 1558 ab
467 1499 552 1559 hoste
575 1501 693 1578 fugatus
708 1507 804 1570 esset,
827 1501 884 1561 hoc
906 1502 980 1561 satis
1001 1501 1198 1578 significatum
1222 1508 1268 1561 est
1282 1501 1382 1562 verbis
1403 1501 1476 1564 κατ’

313 1597 435 1663 Ἰδαίων
463 1597 578 1677 ὀρέων.
628 1600 762 1681 lienique
790 1600 914 1664 molesta
948 1607 993 1662 est
1019 1601 1180 1663 verborum
1213 1601 1382 1672 collocatio,
1416 1622 1474 1683 qua

313 1682 436 1781 μοῦνον
469 1699 565 1765 ἐόντα
595 1703 785 1764 interiectum
819 1711 865 1764 est
897 1706 1086 1781 interpono
1114 1701 1180 1766 ἄπο
1214 1712 1243 1763 et
1276 1706 1365 1785 (εῦα,
1399 1724 1474 1786 quae

313 1803 458 1866 artissime
497 1804 669 1865 cohaerent.
726 1804 809 1865 Hanc
847 1805 1041 1866 offensionem
1080 1804 1229 1884 triplicem
1268 1805 1411 1867 facillime
1445 1814 1475 1867 et

191 1925 195 1932 ·
312 1908 466 1985 aptissime
489 1905 622 1966 Rhianus
650 1924 685 1966 eo
713 1906 847 1977 sustulit,
876 1907 953 1984 quod
983 1907 1162 1984 suffragante
1185 1907 1382 1986 Aristophane
1406 1927 1473 1970 cum

312 2007 383 2068 Chia
406 2005 458 2070 ἔπι
480 2026 535 2086 pro
557 2003 622 2070 ἄπο
651 2009 795 2086 reposuit.
839 2007 912 2070 Nam
936 2025 1003 2068 cum
1032 2009 1120 2085 βοῶν
1147 2005 1199 2071 ἔπι
1227 2011 1351 2086 μοῦνον
1378 2006 1475 2073 ἐόντα

1658 63 1661 90 i

314 587 550 647 controversiam
574 587 695 646 omnino
717 585 852 646 inutilem
881 603 947 646 esse
976 587 1104 665 putavit;
1134 604 1167 646 re
1190 604 1259 647 vera
1287 588 1367 648 enim
1390 589 1477 649 nihili
1651 594 1661 1222 w

1660 1739 1661 1780 ι

312 2110 392 2169 inter
414 2125 445 2169 se
469 2110 628 2169 coniuncta
652 2111 726 2178 sint,
755 2110 874 2170 suavius
902 2109 968 2170 fluit
990 2110 1085 2169 oratio
1100 2144 1142 2153 -
1156 2109 1187 2168 id
1215 2110 1294 2190 quod
1316 2110 1474 2173 scholiasta

306 2210 492 2288 significasse
520 2212 639 2271 videtur
673 2209 773 2270 verbis
802 2206 861 2273 οὐκ
889 2206 1046 2288 ἀχαρίτως
1071 2243 1110 2254 -
1139 2218 1170 2271 et
1201 2213 1362 2282 sententia,
1397 2232 1473 2293 quae

312 2313 457 2380 nascitur,
494 2312 529 2372 ad
564 2329 627 2371 rem
659 2314 755 2392 ipsam
787 2314 883 2390 magis
916 2311 1135 2372 accommodata
1167 2319 1225 2380 est;
1266 2332 1362 2394 neque
1392 2317 1473 2375 euim

311 2411 440 2473 Achilles
455 2414 595 2473 timorem
617 2430 684 2474 eum
708 2413 841 2472 indicare
857 2412 965 2482 voluit,
988 2431 1047 2492 quo
1068 2414 1247 2492 perterritus
1259 2415 1372 2477 Aeneas
1394 2415 1473 2478 solus

307 2516 444 2591 fugeret,
468 2514 520 2574 sed
542 2523 691 2575 terrorem
706 2517 805 2594 potius
828 2516 856 2575 ei
871 2516 1029 2584 iniectum,
1053 2531 1121 2574 cum
1138 2514 1218 2575 solus
1240 2522 1269 2574 et
1291 2517 1327 2578 ad
1343 2535 1473 2597 pugnam

311 2617 464 2695 inparatus
486 2618 517 2676 in
546 2622 647 2676 monte
674 2615 726 2676 lda
755 2615 846 2676 hores
873 2621 1009 2695 pasceret
1038 2622 1068 2676 et
1095 2617 1246 2695 inproviso
1276 2617 1398 2679 Achillis
1427 2623 1472 2680 in-

310 2725 381 2797 petu
404 2718 635 2797 opprimeretur.
679 2717 801 2778 Accedit
822 2716 902 2797 qnod
925 2714 977 2779 ἐπί
1000 2736 1034 2777 ea
1049 2719 1230 2797 praepositio
1253 2726 1312 2789 est,
1336 2739 1413 2800 quae
1436 2723 1473 2782 de

310 2818 480 2899 pastoribus
506 2836 614 2896 greges
641 2818 878 2880 custodientibus
904 2819 1025 2898 proprie
1054 2819 1113 2878 dici
1142 2817 1248 2880 soleat:
1283 2838 1341 2899 qua
1374 2823 1410 2882 de
1439 2842 1472 2883 re

311 2938 559 2981 commemorasse
588 2921 716 2981 sufficiet
749 2918 929 2998 locutionem
961 2920 1235 2999 frequentissimam
1264 2919 1472 3000 ἐπιβουκόλος

310 3019 391 3097 ἀνήρ
413 3021 443 3081 h.
468 3039 493 3081 e.
517 3028 619 3101 pastor
642 3023 692 3099 qni
714 3027 759 3080 ast
781 3018 833 3083 ἐπὶ
859 3025 925 3083 τῶν
953 3024 1042 3099 βοῶν
1069 3041 1090 3098 γ
1110 3019 1182 3082 422.
1212 3019 1325 3086 υ235.
1353 3044 1378 3102 φ
1403 3021 1472 3088 199.

310 3139 329 3200 χ
351 3118 425 3183 268.
448 3118 520 3182 292.
544 3119 607 3184 285
634 3131 665 3184 et
688 3119 858 3200 ἐπιποιμήν
880 3140 901 3199 μ
923 3119 979 3191 31;
1008 3123 1062 3183 cfr.
1086 3126 1175 3185 etiam
1198 3125 1321 3185 Ameisii
1344 3127 1472 3206 append.

311 3219 663 3298 sartatectis

261 3317 305 3383 10
397 3324 468 3385 Cum
496 3325 713 3386 Antimacho
742 3327 891 3386 consensit
920 3325 1053 3386 Rhianus
1080 3323 1108 3388 Φ
1131 3323 1204 3388 607.
1240 3327 1378 3389 Troianis
1404 3329 1472 3390 ubi·

309 3444 367 3506 que
389 3424 483 3506 pulsis
506 3426 663 3507 multisque
686 3429 795 3488 occisis
817 3426 946 3488 Achilles
974 3445 1060 3488 saera
1083 3427 1213 3489 bellandi
1242 3431 1403 3509 cupiditate
1426 3433 1471 3490 in-

308 3527 475 3589 fiammatus
498 3547 564 3588 cum
580 3528 701 3589 Achivis
724 3529 760 3588 ad
775 3527 882 3589 urbem
903 3531 1038 3608 proxime
1062 3531 1198 3601 accessit,
1221 3538 1251 3590 et
1273 3531 1412 3592 Troianis
1434 3532 1471 3592 de

309 3629 404 3690 salute
427 3630 647 3710 desperandum
674 3631 746 3700 fuit,
775 3631 834 3691 nisi
862 3630 965 3710 Apollo
989 3630 1156 3710 Agenorem
1184 3632 1355 3693 cohortatus
1383 3641 1470 3704 essct,

308 3734 341 3790 ut
368 3729 463 3790 hostis
491 3733 624 3793 furorem
657 3734 682 3792 si
711 3732 808 3794 minus
836 3733 1005 3802 refrenare,
1040 3739 1070 3793 at
1101 3736 1247 3794 remorari
1275 3735 1412 3805 auderet,
1442 3743 1472 3796 et

310 3829 452 3891 Achillem
475 3832 620 3909 Agenoris
647 3835 746 3912 specie
774 3833 1090 3906 indutuslfefellisset.
1138 3833 1202 3906 Quo
1230 3836 1332 3896 divino
1360 3836 1470 3897 auxilio

308 3932 418 3992 facturn
441 3939 501 4003 est,
525 3939 558 3992 ut
573 3933 699 3994 maxima
722 3952 791 4013 pars
814 3934 1011 3997 Troianorum
1033 3938 1066 3996 in
1090 3938 1241 3998 moenium
1264 3938 1380 4016 refugia
1402 3957 1471 4017 per·

307 4035 460 4094 venirent:

434 4132 534 4212 τόφρ’
556 4133 650 4199 ἄλλοι
671 4136 779 4214 Τρῶετ
801 4137 1023 4218 πεφοβημένοι
1044 4138 1145 4218 ἦλθον
1168 4137 1268 4224 ὁμίλῳ

435 4235 581 4300 ἀεπάαοι
603 4237 698 4314 προτὶ
720 4236 810 4302 dero·
831 4237 949 4304 πόλι(
971 4239 1006 4303 δ’
1028 4239 1202 4320 ἔμπλητο
1226 4240 1379 4306 ἀλέντων.

309 4337 406 4400 Schol.
429 4339 523 4404 πόλις
545 4337 578 4404 δ’
600 4336 756 4420 ἔμπλητο·
778 4339 865 4421 παρὰ
887 4340 1063 4426 Ἀντίμάχιμ
1085 4341 1137 4407 καὶ
1158 4340 1274 4426 Ῥιανῷ
1296 4343 1415 4408 πύλαι
1436 4343 1471 4408 δ’
