3340 5164
889 404 931 470 64

328 595 444 667 crebra,
462 604 494 658 ut
503 596 624 656 Hesiodi
638 589 750 673 Theog.
769 591 809 656 10
824 594 871 670 (de
881 593 982 674 Musis]
996 593 1139 672 ἐννύχιαι
1154 593 1290 674 ςτεῑχον,
1306 593 1392 656 Pind.
1408 595 1494 676 Pyth.

326 695 357 768 3,
381 695 422 760 79
443 699 555 774 κοῦραι
571 745 600 760 ..
623 696 798 776 μέλπονται
821 745 851 759 ..
873 693 1025 774 ἐννύχιαι,
1055 697 1145 777 Soph.
1172 696 1216 757 λί.
1240 692 1321 758 1263
1343 694 1496 775 ἐννυχίαν

326 796 451 879 τέρψιν,
475 818 651 879 quamquam
680 801 712 858 in
735 799 838 866 eadem
866 798 965 859 labula
991 795 1051 858 179
1073 796 1232 876 ἐννυχίοις
1254 800 1410 875 μηχαναῖς
1433 806 1495 860 tra·

328 899 423 962 dItum
446 909 505 970 est,
535 900 684 980 Aristoph.
708 899 762 980 Eq.
786 896 869 960 1290
890 889 1060 976 ἐννυχίαιςί
1082 895 1234 978 φροντίςι.
1278 900 1339 961 Nec
1362 900 1493 961 alienum

327 1010 373 1063 est
405 1021 441 1063 ex
463 1001 594 1062 Homero
628 1001 734 1062 allerre
768 1020 843 1080 quae
872 1000 1023 1062 slmillima
1056 1008 1126 1062 sunt
1158 997 1260 1078 β434
1292 999 1493 1078 παννυχίη

328 1101 386 1182 μέν
414 1100 448 1179 ῥ’
477 1101 491 1122 ‘'
513 1121 550 1177 γε
572 1101 623 1166 καὶ
644 1101 693 1179 ἠῶ
721 1103 813 1179 πεῖρε
835 1099 989 1166 κέλευθον
1012 1110 1041 1162 et
1067 1105 1086 1163 b
1108 1099 1171 1163 356
1193 1099 1287 1165 δςςον
1308 1120 1343 1165 τε
1371 1121 1493 1179 πανη-

327 1203 441 1282 μερίη
463 1203 613 1283 γλαφυρὴ
640 1206 718 1281 νηῦς
745 1201 872 1280 ἤνυςεν.
917 1205 1052 1264 Attamen
1082 1205 1228 1263 exstitisse
1257 1204 1410 1274 videntur,
1439 1207 1493 1284 qni

328 1306 437 1367 Rhioni
471 1307 650 1367 sententiam
683 1305 946 1384 amplecterentur,
981 1323 1048 1366 cum
1082 1305 1168 1365 codd.
1203 1304 1317 1366 luuh
1350 1303 1493 1384 ἐννύχιοι

329 1407 492 1486 praebeant
514 1409 596 1468 etin
620 1407 645 1468 N
668 1425 699 1470 οι
723 1407 831 1487 syllaba
856 1425 945 1486 supra
969 1408 1078 1486 serIpta
1103 1407 1150 1466 sit.

277 1501 323 1569 28
416 1505 530 1572 5702.
574 1507 676 1589 Pylum
709 1509 841 1586 epitheto
868 1505 986 1586 ἠγαθέη
1014 1526 1119 1587 parum
1151 1515 1219 1587 apte
1249 1511 1349 1570 ornari
1377 1510 1494 1586 putavit

328 1610 463 1671 Rhianus
484 1610 540 1670 hoc
562 1628 665 1671 versu:

455 1708 487 1773 ἐς
509 1708 622 1774 Πύλον
644 1708 784 1788 ἠγαθέην
806 1707 862 1786 ἠδ’
884 1708 917 1772 ἐς
939 1707 1159 1788 Λακεδαίμονα
1180 1711 1262 1774 δῖαν.

328 1813 426 1875 Schol.
455 1810 645 1890 ἠγαθέην·
674 1809 800 1876 Ῥιανὸς
828 1810 1012 1890 Ἠμαθίην
1038 1810 1163 1891 γράφει
1186 1812 1260 1873 ΗΡ.
1304 1812 1491 1875 λθίοοιίνυιο

326 1913 464 1991 ἠγάθεος
486 1915 567 1976 idem
589 1915 686 1976 valere
715 1932 749 1975 ac
770 1910 883 1979 ζάθεος
904 1921 1008 1974 notum
1031 1921 1076 1974 est
1098 1921 1128 1974 et
1150 1916 1230 1974 inter
1252 1932 1355 1974 omnes
1376 1921 1492 1976 constat

326 2019 522 2096 interpretes:
561 2017 615 2077 clo.
645 2015 843 2077 Ruttmanuus
875 2015 932 2076 lex.
961 2015 974 2076 l
1002 2034 1031 2093 p.
1053 2013 1111 2084 48,
1139 2014 1333 2076 Doederliuus
1365 2016 1491 2095 glossl

326 2136 356 2197 p.
378 2113 419 2179 57
453 2136 482 2179 n.
507 2114 563 2187 74,
598 2116 780 2195 ilartungius
812 2124 890 2195 part.
918 2116 931 2175 l
958 2134 988 2194 p.
1011 2113 1084 2177 350.
1128 2116 1230 2196 ltaque
1258 2119 1404 2178 constanti
1435 2136 1491 2179 usu

327 2220 363 2281 de
387 2219 514 2280 urbibus
536 2219 581 2279 vel
605 2219 678 2280 locis
699 2218 903 2297 praedicatur,
927 2235 1036 2297 quaea
1059 2217 1123 2278 deis
1138 2217 1266 2278 habitari
1282 2218 1327 2278 vel
1343 2221 1388 2279 eis
1402 2236 1489 2298 prae·

328 2330 372 2382 ter
404 2328 503 2381 cetera
531 2329 614 2398 grata
642 2327 671 2380 ct
693 2322 723 2379 io
746 2318 889 2397 singulari
923 2337 1024 2380 eorum
1059 2319 1151 2379 tutela
1184 2338 1218 2380 ac
1250 2319 1400 2397 praesidio
1423 2339 1489 2381 esse

327 2423 482 2492 dicuntur,
512 2429 545 2482 ut
565 2422 697 2483 Lemnos
724 2420 837 2489 Insula,
868 2438 943 2498 quae
967 2420 1096 2481 Vulcano
1119 2427 1233 2481 sacrata
1263 2429 1339 2492 erat,
1370 2420 1393 2482 Β
1415 2417 1487 2482 722.

325 2521 354 2586 Φ
375 2520 416 2585 58
439 2530 470 2584 et
492 2520 532 2585 79
554 2530 583 2583 et
604 2523 713 2603 Pytho,
737 2521 849 2582 oraculi
871 2521 970 2591 sedes,
995 2523 1013 2582 θ
1034 2517 1085 2582 60.
1116 2522 1216 2601 hymn.
1239 2521 1310 2582 Ven.
1334 2518 1355 2581 2
1377 2530 1407 2582 et
1429 2523 1488 2602 Ny-

326 2626 435 2696 seium,
470 2623 614 2685 Thraciae
648 2643 732 2686 mons
754 2624 864 2685 Bacchi
893 2641 991 2694 sacer,
1024 2619 1135 2684 2133
1158 2621 1231 2687 κατ’
1263 2620 1402 2700 ἠγάθεον
1426 2622 1488 2686 Νυ-

326 2724 431 2807 ςήίον,
455 2729 586 2806 itemque
609 2725 743 2807 Cyllene,
766 2727 798 2786 in
822 2745 881 2806 quo
903 2732 1004 2785 monte
1026 2725 1192 2785 Mercurius
1214 2732 1299 2786 natus
1321 2723 1487 2795 dicebatur,

325 2829 426 2909 hymn.
449 2828 540 2888 lllerc.
556 2824 629 2889 231.
646 2828 771 2906 Saepius
785 2827 856 2904 Pylo
872 2826 1007 2887 Nestoris
1035 2826 1104 2887 urbi
1125 2827 1180 2886 hoc
1195 2827 1349 2903 epitheton
1363 2827 1486 2897 inditur,

324 2931 354 2990 ln
382 2930 475 2991 Iliade
504 2929 596 2990 semel
621 2928 647 2991 Α
668 2924 744 2998 252,
774 2929 804 2987 iu
832 2928 962 3008 Odyssea
991 2928 1149 3008 quinquies
1175 2925 1211 2991 ἐν
1239 2927 1340 3010 Πύλῳ
1367 2925 1487 3012 ἠγαθέη

325 3028 439 3111 5599,
462 3029 496 3093 ἐς
517 3028 630 3094 Πύλον
658 3027 796 3106 ἠγαθέην
826 3025 936 3108 3308.
967 3025 1080 3091 otor.
1109 3047 1125 3092 ε
1146 3026 1198 3090 20.
1227 3033 1243 3095 ξ
1267 3026 1343 3100 180;
1372 3029 1487 3091 accedit

325 3135 414 3193 etiam
444 3132 544 3212 hymn.
574 3121 664 3192 Mero.
693 3127 765 3209 216.
810 3131 925 3192 CeterIs
954 3131 1027 3192 locIs
1053 3130 1142 3210 Pylus
1173 3131 1337 3210 appellatur
1363 3127 1431 3208 ἱερή
1460 3151 1486 3209 φ

326 3230 402 3303 108,
426 3230 525 3310 μήτηρ
548 3231 658 3310 μήλων
688 3252 707 3295 o
730 3229 792 3292 226
799 3279 809 3313 ‚
838 3230 976 3309 Νηλήϊος
1004 3227 1122 3293 Λ681.
1152 3229 1269 3301 5639,
1299 3231 1385 3310 longe
1414 3251 1485 3294 vero

325 3334 566 3414 frequentisshne
589 3331 738 3412 ἠμαθύεις
762 3333 784 3395 Β
808 3331 857 3394 77.
883 3333 889 3395 Ι
916 3331 985 3395 153.
1009 3329 1082 3394 295.
1111 3331 1136 3396 Λ
1159 3330 1230 3394 712.
1253 3352 1274 3395 α
1296 3330 1347 3395 93.
1372 3336 1389 3411 β
1411 3329 1483 3396 214.

323 3433 397 3498 326.
419 3431 492 3497 359.
516 3436 534 3497 b
556 3431 629 3496 633.
659 3432 773 3498 λ257.
795 3431 868 3495 459.
897 3455 924 3498 ιιι
949 3432 1017 3496 152.
1062 3435 1214 3514 Nusquam
1243 3436 1349 3512 igitur,
1379 3438 1405 3496 si
1434 3455 1485 3496 ex·
1575 3421 1579 3427 ⁵

324 3539 419 3615 cipias
440 3556 466 3615 φ
486 3533 546 3597 108
568 3534 681 3599 Πύλου
703 3533 805 3612 ἱερῆς,
829 3537 950 3597 deorum
967 3537 1140 3615 cuiusquam
1164 3554 1247 3597 saera
1269 3555 1334 3597 esse
1357 3537 1484 3598 dIcitur:

323 3658 415 3719 qnare
439 3641 501 3698 veri
518 3639 614 3700 slmiIe
632 3646 690 3706 est,
714 3638 769 3698 hac
784 3655 870 3697 causa
887 3637 1033 3699 Rhianum
1050 3646 1159 3698 motum
1176 3655 1256 3707 esse,
1282 3645 1313 3698 ut
1329 3658 1392 3699 eam
1407 3636 1484 3714 ἠγα-

323 3738 398 3817 θέην
422 3747 503 3799 reote
526 3742 674 3801 notuiuari
696 3747 819 3817 negaret
846 3748 876 3800 et
904 3757 1012 3801 norum
1038 3738 1214 3800 vocabulum
1237 3742 1364 3817 fingeret
1389 3737 1483 3818 Ἠμά·

323 3844 391 3903 θιος
414 3841 475 3900 sive
498 3837 645 3920 drideret,
673 3841 751 3919 quod
776 3838 887 3916 duplici
916 3843 1031 3902 ratione
1054 3841 1196 3918 explicari
1218 3839 1304 3902 licet:
1342 3859 1411 3902 nam
1433 3849 1485 3902 aut

323 3960 339 4003 a
362 3943 481 4003 nomine
509 3940 591 4001 llurii
618 3939 758 4018 ’Άμαθος
786 3940 940 4002 descendit
965 3942 1069 4023 Pylum
1097 3942 1203 4002 urbem
1231 3944 1482 4020 praeterfluentis,

323 4062 338 4104 a
372 4063 431 4123 quo
463 4041 571 4104 Strabo
585 4039 621 4122 ⁴⁵)
659 4043 748 4102 etiam
780 4038 928 4118 ἠμαθόεις
961 4044 1139 4105 adiectivum
1173 4043 1279 4105 deduci
1315 4045 1394 4115 vult,
1432 4053 1484 4106 aut

322 4193 524 4204 -ωιι--ι--ι-α·

389 4279 433 4346 45)
452 4273 554 4332 Strabo
566 4273 632 4342 VIII
643 4291 671 4345 p.
686 4280 748 4330 344:
766 4275 878 4331 Πύλος.
893 4318 899 4330 .
912 4273 946 4330 dv
958 4280 1037 4331 καλεῖ
1048 4277 1064 4330 6
1077 4277 1196 4346 ποιητής
1208 4278 1371 4346 ἠμαθόεντα
1383 4321 1389 4333 .
1404 4319 1411 4333 .
1424 4275 1481 4334 εἴτε

322 4364 373 4415 τοθ
393 4363 603 4430 παραρρέοντος
621 4365 751 4427 ποταμοῦ
773 4361 844 4427 πρὸς
861 4363 967 4430 ἄρκτον
992 4363 1114 4428 Ἀμάθου
1137 4363 1312 4429 καλουμένου
1331 4364 1481 4431 πρότερον,
