<?xml version="1.0" encoding="UTF-8"?>
<!DOCTYPE html PUBLIC "-//W3C//DTD XHTML 1.0 Transitional//EN"
    "http://www.w3.org/TR/xhtml1/DTD/xhtml1-transitional.dtd">
<html xmlns="http://www.w3.org/1999/xhtml" xml:lang="en" lang="en">
 <head>
  <title>
</title>
<meta http-equiv="Content-Type" content="text/html;charset=utf-8" />
  <meta name='ocr-system' content='tesseract 3.04.00' />
  <meta name='ocr-capabilities' content='ocr_page ocr_carea ocr_par ocr_line ocrx_word'/>
</head>
<body>
  <div class='ocr_page' id='page_1' title='image "./derhianicretens00mayhgoog_0038.png"; bbox 0 0 3340 5164; ppageno 0'>
   <div class='ocr_carea' id='block_1_1' title="bbox 729 391 770 460">
    <p class='ocr_par' dir='ltr' id='par_1_1' title="bbox 729 391 770 460">
     <span class='ocr_line' id='line_1_1' title="bbox 729 391 770 460; baseline 0 0"><span class='ocrx_word' id='word_1_1' title='bbox 729 391 770 460; x_wconf 89' lang='grc'><strong>33</strong></span> 
     </span>
    </p>
   </div>
   <div class='ocr_carea' id='block_1_2' title="bbox 135 583 1369 4325">
    <p class='ocr_par' dir='ltr' id='par_1_2' title="bbox 135 583 1369 1990">
     <span class='ocr_line' id='line_1_2' title="bbox 169 583 1332 669; baseline 0.002 -23"><span class='ocrx_word' id='word_1_2' title='bbox 169 586 358 664; x_wconf 75' lang='lat' dir='ltr'><strong>refragantur</strong></span> <span class='ocrx_word' id='word_1_3' title='bbox 386 589 466 647; x_wconf 91' lang='lat' dir='ltr'><strong>enim</strong></span> <span class='ocrx_word' id='word_1_4' title='bbox 495 587 538 646; x_wconf 94' lang='lat' dir='ltr'><strong>illi</strong></span> <span class='ocrx_word' id='word_1_5' title='bbox 567 605 671 648; x_wconf 83' lang='lat' dir='ltr'><strong>versus</strong></span> <span class='ocrx_word' id='word_1_6' title='bbox 697 587 764 647; x_wconf 95' lang='lat' dir='ltr'><strong>loco</strong></span> <span class='ocrx_word' id='word_1_7' title='bbox 789 584 811 647; x_wconf 93' lang='grc' dir='ltr'>Ρ</span> <span class='ocrx_word' id='word_1_8' title='bbox 833 583 895 646; x_wconf 88' lang='grc'><strong>408</strong></span> <span class='ocrx_word' id='word_1_9' title='bbox 914 605 994 667; x_wconf 91' lang='lat' dir='ltr'><strong>sqq.,</strong></span> <span class='ocrx_word' id='word_1_10' title='bbox 1022 586 1074 647; x_wconf 85' lang='lat' dir='ltr'><strong>uhi</strong></span> <span class='ocrx_word' id='word_1_11' title='bbox 1098 586 1201 649; x_wconf 86' lang='lat' dir='ltr'><strong>Thetis</strong></span> <span class='ocrx_word' id='word_1_12' title='bbox 1230 595 1332 669; x_wconf 88' lang='lat' dir='ltr'><strong>aperte</strong></span> 
     </span>
     <span class='ocr_line' id='line_1_3' title="bbox 169 687 1332 769; baseline 0.002 -21"><span class='ocrx_word' id='word_1_13' title='bbox 169 697 296 766; x_wconf 89' lang='lat' dir='ltr'><strong>negatur</strong></span> <span class='ocrx_word' id='word_1_14' title='bbox 318 689 378 749; x_wconf 89' lang='lat' dir='ltr'><strong>illio</strong></span> <span class='ocrx_word' id='word_1_15' title='bbox 401 695 528 748; x_wconf 88' lang='lat' dir='ltr'><strong>mortem</strong></span> <span class='ocrx_word' id='word_1_16' title='bbox 551 689 680 749; x_wconf 83' lang='lat' dir='ltr'><strong>Patrocli</strong></span> <span class='ocrx_word' id='word_1_17' title='bbox 702 689 897 769; x_wconf 90' lang='lat' dir='ltr'><strong>praedixisse:</strong></span> <span class='ocrx_word' id='word_1_18' title='bbox 920 687 1056 752; x_wconf 81' lang='grc' dir='ltr'>πολλάκι</span> <span class='ocrx_word' id='word_1_19' title='bbox 1077 688 1139 766; x_wconf 91' lang='grc' dir='ltr'><strong>γὰρ</strong></span> <span class='ocrx_word' id='word_1_20' title='bbox 1160 687 1236 764; x_wconf 86' lang='grc' dir='ltr'>τόγε</span> <span class='ocrx_word' id='word_1_21' title='bbox 1260 687 1332 766; x_wconf 89' lang='lat' dir='ltr'><strong>(scil.</strong></span> 
     </span>
     <span class='ocr_line' id='line_1_4' title="bbox 166 779 1333 873; baseline 0.005 -25"><span class='ocrx_word' id='word_1_22' title='bbox 166 779 200 850; x_wconf 83' lang='lat' dir='ltr'><strong>se</strong></span> <span class='ocrx_word' id='word_1_23' title='bbox 225 799 291 850; x_wconf 88' lang='lat' dir='ltr'><strong>ante</strong></span> <span class='ocrx_word' id='word_1_24' title='bbox 314 792 466 850; x_wconf 90' lang='lat' dir='ltr'><strong>interitum</strong></span> <span class='ocrx_word' id='word_1_25' title='bbox 491 790 598 851; x_wconf 83' lang='lat' dir='ltr'><strong>Troiae</strong></span> <span class='ocrx_word' id='word_1_26' title='bbox 620 793 790 870; x_wconf 89' lang='lat' dir='ltr'><strong>periturum</strong></span> <span class='ocrx_word' id='word_1_27' title='bbox 812 792 889 873; x_wconf 81' lang='lat' dir='ltr'><strong>esso)</strong></span> <span class='ocrx_word' id='word_1_28' title='bbox 910 789 1027 869; x_wconf 87' lang='grc' dir='ltr'>μητρόε</span> <span class='ocrx_word' id='word_1_29' title='bbox 1049 789 1202 854; x_wconf 80' lang='grc' dir='ltr'>ἐπεύθετο</span> <span class='ocrx_word' id='word_1_30' title='bbox 1218 790 1333 869; x_wconf 86' lang='grc' dir='ltr'>νόεφιν</span> 
     </span>
     <span class='ocr_line' id='line_1_5' title="bbox 169 887 1333 972; baseline 0.003 -20"><span class='ocrx_word' id='word_1_31' title='bbox 169 887 316 972; x_wconf 80' lang='grc' dir='ltr'>ἀκούων,</span> <span class='ocrx_word' id='word_1_32' title='bbox 344 889 364 967; x_wconf 90' lang='grc' dir='ltr'>ἥ</span> <span class='ocrx_word' id='word_1_33' title='bbox 393 889 423 952; x_wconf 86' lang='grc' dir='ltr'><strong>οἱ</strong></span> <span class='ocrx_word' id='word_1_34' title='bbox 451 890 687 966; x_wconf 82' lang='grc' dir='ltr'>ἀπαγγέλλεεκε</span> <span class='ocrx_word' id='word_1_35' title='bbox 709 890 791 956; x_wconf 85' lang='grc' dir='ltr'>Διὸε</span> <span class='ocrx_word' id='word_1_36' title='bbox 818 891 971 971; x_wconf 83' lang='grc' dir='ltr'>μεγάλοιο</span> <span class='ocrx_word' id='word_1_37' title='bbox 1000 891 1113 970; x_wconf 88' lang='grc' dir='ltr'>νόημα.</span> <span class='ocrx_word' id='word_1_38' title='bbox 1143 892 1181 970; x_wconf 92' lang='grc' dir='ltr'><strong>δὴ</strong></span> <span class='ocrx_word' id='word_1_39' title='bbox 1204 891 1277 956; x_wconf 89' lang='grc' dir='ltr'>τότε</span> <span class='ocrx_word' id='word_1_40' title='bbox 1299 891 1333 967; x_wconf 79' lang='grc' dir='ltr'><strong>γ’</strong></span> 
     </span>
     <span class='ocr_line' id='line_1_6' title="bbox 171 989 1334 1075; baseline 0.002 -22"><span class='ocrx_word' id='word_1_41' title='bbox 171 989 274 1053; x_wconf 83' lang='lat' dir='ltr'><strong>odoi</strong></span> <span class='ocrx_word' id='word_1_42' title='bbox 303 990 410 1056; x_wconf 84' lang='grc' dir='ltr'>έειπε</span> <span class='ocrx_word' id='word_1_43' title='bbox 438 993 536 1057; x_wconf 89' lang='grc' dir='ltr'>κακὸν</span> <span class='ocrx_word' id='word_1_44' title='bbox 565 993 680 1070; x_wconf 80' lang='grc' dir='ltr'>τόεον,</span> <span class='ocrx_word' id='word_1_45' title='bbox 709 991 804 1058; x_wconf 79' lang='lat' dir='ltr'><strong>dcccv</strong></span> <span class='ocrx_word' id='word_1_46' title='bbox 833 993 963 1075; x_wconf 81' lang='grc' dir='ltr'>ἐτύχθη,</span> <span class='ocrx_word' id='word_1_47' title='bbox 991 994 1109 1074; x_wconf 84' lang='grc' dir='ltr'>μήτηρ,</span> <span class='ocrx_word' id='word_1_48' title='bbox 1139 992 1205 1057; x_wconf 68' lang='lat' dir='ltr'><strong>deu</strong></span> <span class='ocrx_word' id='word_1_49' title='bbox 1234 992 1274 1072; x_wconf 84' lang='grc' dir='ltr'><strong>ῥά</strong></span> <span class='ocrx_word' id='word_1_50' title='bbox 1302 992 1334 1056; x_wconf 89' lang='grc' dir='ltr'><strong>οἱ</strong></span> 
     </span>
     <span class='ocr_line' id='line_1_7' title="bbox 169 1091 1333 1177; baseline 0.002 -23"><span class='ocrx_word' id='word_1_51' title='bbox 169 1091 254 1155; x_wconf 90' lang='grc' dir='ltr'>πολὺ</span> <span class='ocrx_word' id='word_1_52' title='bbox 278 1091 430 1171; x_wconf 87' lang='grc' dir='ltr'>φίλτατοε</span> <span class='ocrx_word' id='word_1_53' title='bbox 452 1093 551 1158; x_wconf 82' lang='grc' dir='ltr'>ὤλεθ’</span> <span class='ocrx_word' id='word_1_54' title='bbox 573 1094 708 1173; x_wconf 78' lang='grc' dir='ltr'>ἑταῖροι.</span> <span class='ocrx_word' id='word_1_55' title='bbox 747 1096 808 1156; x_wconf 88' lang='lat' dir='ltr'><strong>Hac</strong></span> <span class='ocrx_word' id='word_1_56' title='bbox 830 1099 923 1175; x_wconf 91' lang='lat' dir='ltr'><strong>igitur</strong></span> <span class='ocrx_word' id='word_1_57' title='bbox 945 1099 1143 1177; x_wconf 78' lang='lat' dir='ltr'><strong>repugnantia</strong></span> <span class='ocrx_word' id='word_1_58' title='bbox 1166 1099 1192 1157; x_wconf 90' lang='lat' dir='ltr'><strong>si</strong></span> <span class='ocrx_word' id='word_1_59' title='bbox 1214 1104 1333 1176; x_wconf 89' lang='lat' dir='ltr'><strong>poetam</strong></span> 
     </span>
     <span class='ocr_line' id='line_1_8' title="bbox 169 1195 1334 1278; baseline 0.003 -23"><span class='ocrx_word' id='word_1_60' title='bbox 169 1195 298 1256; x_wconf 88' lang='lat' dir='ltr'><strong>liberare</strong></span> <span class='ocrx_word' id='word_1_61' title='bbox 320 1197 426 1268; x_wconf 85' lang='lat' dir='ltr'><strong>voluit,</strong></span> <span class='ocrx_word' id='word_1_62' title='bbox 455 1199 555 1258; x_wconf 88' lang='lat' dir='ltr'><strong>lacere</strong></span> <span class='ocrx_word' id='word_1_63' title='bbox 578 1217 638 1258; x_wconf 93' lang='lat' dir='ltr'><strong>non</strong></span> <span class='ocrx_word' id='word_1_64' title='bbox 665 1199 775 1277; x_wconf 90' lang='lat' dir='ltr'><strong>potuit,</strong></span> <span class='ocrx_word' id='word_1_65' title='bbox 805 1200 876 1278; x_wconf 91' lang='lat' dir='ltr'><strong>quin</strong></span> <span class='ocrx_word' id='word_1_66' title='bbox 900 1198 1043 1260; x_wconf 88' lang='lat' dir='ltr'><strong>alterutro</strong></span> <span class='ocrx_word' id='word_1_67' title='bbox 1071 1199 1137 1259; x_wconf 93' lang='lat' dir='ltr'><strong>loco</strong></span> <span class='ocrx_word' id='word_1_68' title='bbox 1164 1199 1334 1277; x_wconf 81' lang='lat' dir='ltr'><strong>complures</strong></span> 
     </span>
     <span class='ocr_line' id='line_1_9' title="bbox 170 1296 1369 1380; baseline 0.004 -24"><span class='ocrx_word' id='word_1_69' title='bbox 170 1316 273 1358; x_wconf 87' lang='lat' dir='ltr'><strong>versus</strong></span> <span class='ocrx_word' id='word_1_70' title='bbox 296 1301 424 1360; x_wconf 88' lang='lat' dir='ltr'><strong>eiceret:</strong></span> <span class='ocrx_word' id='word_1_71' title='bbox 448 1300 533 1360; x_wconf 85' lang='lat' dir='ltr'><strong>eiecit</strong></span> <span class='ocrx_word' id='word_1_72' title='bbox 556 1307 653 1360; x_wconf 84' lang='lat' dir='ltr'><strong>autem</strong></span> <span class='ocrx_word' id='word_1_73' title='bbox 678 1296 757 1360; x_wconf 77' lang='lat'><strong>(10</strong></span> <span class='ocrx_word' id='word_1_74' title='bbox 779 1308 808 1360; x_wconf 93' lang='lat' dir='ltr'><strong>et</strong></span> <span class='ocrx_word' id='word_1_75' title='bbox 831 1299 885 1371; x_wconf 88' lang='lat'><strong>11,</strong></span> <span class='ocrx_word' id='word_1_76' title='bbox 909 1302 978 1380; x_wconf 90' lang='lat' dir='ltr'><strong>quia</strong></span> <span class='ocrx_word' id='word_1_77' title='bbox 1000 1301 1109 1362; x_wconf 88' lang='lat' dir='ltr'><strong>mirum</strong></span> <span class='ocrx_word' id='word_1_78' title='bbox 1132 1318 1196 1361; x_wconf 92' lang='lat' dir='ltr'><strong>esse</strong></span> <span class='ocrx_word' id='word_1_79' title='bbox 1220 1301 1333 1370; x_wconf 87' lang='lat' dir='ltr'><strong>debuit,</strong></span> <span class='ocrx_word' id='word_1_80' title='bbox 1358 1314 1369 1350; x_wconf 49' lang='grc'><strong>’,</strong></span> 
     </span>
     <span class='ocr_line' id='line_1_10' title="bbox 170 1400 1333 1482; baseline 0.001 -22"><span class='ocrx_word' id='word_1_81' title='bbox 170 1400 247 1478; x_wconf 88' lang='lat' dir='ltr'><strong>quod</strong></span> <span class='ocrx_word' id='word_1_82' title='bbox 277 1401 421 1471; x_wconf 71' lang='lat' dir='ltr'><strong>Achillae,</strong></span> <span class='ocrx_word' id='word_1_83' title='bbox 450 1419 516 1463; x_wconf 93' lang='lat' dir='ltr'><strong>cum</strong></span> <span class='ocrx_word' id='word_1_84' title='bbox 547 1403 672 1462; x_wconf 91' lang='lat' dir='ltr'><strong>amicum</strong></span> <span class='ocrx_word' id='word_1_85' title='bbox 702 1403 763 1462; x_wconf 89' lang='lat' dir='ltr'><strong>suis</strong></span> <span class='ocrx_word' id='word_1_86' title='bbox 791 1405 882 1462; x_wconf 90' lang='lat' dir='ltr'><strong>armis</strong></span> <span class='ocrx_word' id='word_1_87' title='bbox 910 1405 1089 1463; x_wconf 88' lang='lat' dir='ltr'><strong>instructum</strong></span> <span class='ocrx_word' id='word_1_88' title='bbox 1118 1421 1186 1464; x_wconf 90' lang='lat' dir='ltr'><strong>cum</strong></span> <span class='ocrx_word' id='word_1_89' title='bbox 1215 1403 1333 1482; x_wconf 81' lang='lat' dir='ltr'><strong>Myrmi-</strong></span> 
     </span>
     <span class='ocr_line' id='line_1_11' title="bbox 170 1501 1334 1584; baseline 0.003 -24"><span class='ocrx_word' id='word_1_90' title='bbox 170 1501 299 1562; x_wconf 86' lang='lat' dir='ltr'><strong>donibus</strong></span> <span class='ocrx_word' id='word_1_91' title='bbox 328 1505 360 1563; x_wconf 91' lang='lat' dir='ltr'><strong>in</strong></span> <span class='ocrx_word' id='word_1_92' title='bbox 387 1521 516 1582; x_wconf 90' lang='lat' dir='ltr'><strong>pugnam</strong></span> <span class='ocrx_word' id='word_1_93' title='bbox 545 1507 591 1563; x_wconf 90' lang='lat' dir='ltr'><strong>irc</strong></span> <span class='ocrx_word' id='word_1_94' title='bbox 621 1511 787 1582; x_wconf 91' lang='lat' dir='ltr'><strong>pateretur,</strong></span> <span class='ocrx_word' id='word_1_95' title='bbox 817 1522 921 1565; x_wconf 91' lang='lat' dir='ltr'><strong>eorum</strong></span> <span class='ocrx_word' id='word_1_96' title='bbox 950 1524 1024 1584; x_wconf 87' lang='lat' dir='ltr'><strong>quaa</strong></span> <span class='ocrx_word' id='word_1_97' title='bbox 1052 1505 1157 1566; x_wconf 80' lang='lat' dir='ltr'><strong>l&#39;hetis</strong></span> <span class='ocrx_word' id='word_1_98' title='bbox 1186 1505 1334 1584; x_wconf 92' lang='lat' dir='ltr'><strong>quondam</strong></span> 
     </span>
     <span class='ocr_line' id='line_1_12' title="bbox 169 1603 1334 1682; baseline 0.004 -20"><span class='ocrx_word' id='word_1_99' title='bbox 169 1603 373 1682; x_wconf 81' lang='lat' dir='ltr'><strong>praedixerat,</strong></span> <span class='ocrx_word' id='word_1_100' title='bbox 403 1624 463 1666; x_wconf 94' lang='lat' dir='ltr'><strong>non</strong></span> <span class='ocrx_word' id='word_1_101' title='bbox 486 1605 659 1666; x_wconf 89' lang='lat' dir='ltr'><strong>recordatus</strong></span> <span class='ocrx_word' id='word_1_102' title='bbox 682 1613 755 1667; x_wconf 86' lang='lat' dir='ltr'><strong>erat..</strong></span> <span class='ocrx_word' id='word_1_103' title='bbox 802 1605 859 1666; x_wconf 86' lang='lat' dir='ltr'><strong>Sed</strong></span> <span class='ocrx_word' id='word_1_104' title='bbox 888 1614 951 1667; x_wconf 89' lang='lat' dir='ltr'><strong>tum</strong></span> <span class='ocrx_word' id='word_1_105' title='bbox 980 1607 1086 1667; x_wconf 92' lang='lat' dir='ltr'><strong>eodem</strong></span> <span class='ocrx_word' id='word_1_106' title='bbox 1113 1607 1225 1667; x_wconf 89' lang='lat' dir='ltr'><strong>iudicio</strong></span> <span class='ocrx_word' id='word_1_107' title='bbox 1253 1607 1334 1667; x_wconf 93' lang='lat' dir='ltr'><strong>dam·</strong></span> 
     </span>
     <span class='ocr_line' id='line_1_13' title="bbox 169 1703 1347 1786; baseline 0.003 -22"><span class='ocrx_word' id='word_1_108' title='bbox 169 1707 251 1765; x_wconf 88' lang='lat' dir='ltr'><strong>navit</strong></span> <span class='ocrx_word' id='word_1_109' title='bbox 273 1708 363 1766; x_wconf 90' lang='lat' dir='ltr'><strong>etiam</strong></span> <span class='ocrx_word' id='word_1_110' title='bbox 385 1727 413 1766; x_wconf 91' lang='lat' dir='ltr'><strong>v.</strong></span> <span class='ocrx_word' id='word_1_111' title='bbox 435 1703 513 1782; x_wconf 85' lang='lat'><strong>409,</strong></span> <span class='ocrx_word' id='word_1_112' title='bbox 538 1725 597 1786; x_wconf 92' lang='lat' dir='ltr'><strong>quo</strong></span> <span class='ocrx_word' id='word_1_113' title='bbox 620 1710 725 1768; x_wconf 91' lang='lat' dir='ltr'><strong>matris</strong></span> <span class='ocrx_word' id='word_1_114' title='bbox 739 1709 909 1768; x_wconf 85' lang='lat' dir='ltr'><strong>vaticinatio</strong></span> <span class='ocrx_word' id='word_1_115' title='bbox 925 1709 1088 1778; x_wconf 89' lang='lat' dir='ltr'><strong>indicatur,</strong></span> <span class='ocrx_word' id='word_1_116' title='bbox 1111 1714 1144 1768; x_wconf 93' lang='lat' dir='ltr'><strong>ut</strong></span> <span class='ocrx_word' id='word_1_117' title='bbox 1166 1710 1196 1768; x_wconf 93' lang='lat' dir='ltr'><strong>in</strong></span> <span class='ocrx_word' id='word_1_118' title='bbox 1221 1705 1347 1769; x_wconf 89' lang='lat' dir='ltr'><strong>scholio&#39;</strong></span> 
     </span>
     <span class='ocr_line' id='line_1_14' title="bbox 169 1803 1332 1890; baseline 0.003 -24"><span class='ocrx_word' id='word_1_119' title='bbox 169 1825 224 1886; x_wconf 93' lang='lat' dir='ltr'><strong>pro</strong></span> <span class='ocrx_word' id='word_1_120' title='bbox 248 1803 307 1868; x_wconf 89' lang='grc' dir='ltr'><strong>οὐκ</strong></span> <span class='ocrx_word' id='word_1_121' title='bbox 327 1805 406 1884; x_wconf 84' lang='grc' dir='ltr'>ῆεαν</span> <span class='ocrx_word' id='word_1_122' title='bbox 431 1806 461 1870; x_wconf 85' lang='grc' dir='ltr'><strong>οἱ</strong></span> <span class='ocrx_word' id='word_1_123' title='bbox 484 1805 509 1888; x_wconf 84' lang='grc' dir='ltr'><strong>β’</strong></span> <span class='ocrx_word' id='word_1_124' title='bbox 533 1809 745 1888; x_wconf 86' lang='lat' dir='ltr'><strong>corrigendum</strong></span> <span class='ocrx_word' id='word_1_125' title='bbox 767 1812 806 1869; x_wconf 88' lang='lat' dir='ltr'><strong>sit</strong></span> <span class='ocrx_word' id='word_1_126' title='bbox 828 1807 859 1870; x_wconf 82' lang='lat' dir='ltr'><strong>oi</strong></span> <span class='ocrx_word' id='word_1_127' title='bbox 885 1805 928 1890; x_wconf 79' lang='grc' dir='ltr'><strong>γ’;</strong></span> <span class='ocrx_word' id='word_1_128' title='bbox 964 1827 1142 1890; x_wconf 90' lang='lat' dir='ltr'><strong>quamquam</strong></span> <span class='ocrx_word' id='word_1_129' title='bbox 1172 1809 1247 1869; x_wconf 92' lang='lat' dir='ltr'><strong>hanc</strong></span> <span class='ocrx_word' id='word_1_130' title='bbox 1270 1828 1332 1869; x_wconf 87' lang='lat' dir='ltr'><strong>rem</strong></span> 
     </span>
     <span class='ocr_line' id='line_1_15' title="bbox 135 1911 1081 1990; baseline 0.002 -22"><span class='ocrx_word' id='word_1_131' title='bbox 135 1931 137 1935; x_wconf 94' lang='lat'>·</span> <span class='ocrx_word' id='word_1_132' title='bbox 170 1917 202 1968; x_wconf 89' lang='lat' dir='ltr'><strong>ut</strong></span> <span class='ocrx_word' id='word_1_133' title='bbox 223 1927 330 1988; x_wconf 88' lang='lat' dir='ltr'><strong>parurn</strong></span> <span class='ocrx_word' id='word_1_134' title='bbox 353 1918 464 1970; x_wconf 89' lang='lat' dir='ltr'><strong>certam</strong></span> <span class='ocrx_word' id='word_1_135' title='bbox 486 1912 517 1970; x_wconf 95' lang='lat' dir='ltr'><strong>in</strong></span> <span class='ocrx_word' id='word_1_136' title='bbox 539 1929 683 1989; x_wconf 87' lang='lat' dir='ltr'><strong>suspenso</strong></span> <span class='ocrx_word' id='word_1_137' title='bbox 706 1911 876 1990; x_wconf 87' lang='lat' dir='ltr'><strong>relinquere</strong></span> <span class='ocrx_word' id='word_1_138' title='bbox 899 1914 991 1972; x_wconf 91' lang='lat' dir='ltr'><strong>tutius</strong></span> <span class='ocrx_word' id='word_1_139' title='bbox 1013 1913 1081 1971; x_wconf 89' lang='lat' dir='ltr'><strong>erit.</strong></span> 
     </span>
    </p>

    <p class='ocr_par' dir='ltr' id='par_1_3' title="bbox 169 2007 1363 2600">
     <span class='ocr_line' id='line_1_16' title="bbox 254 2007 1363 2092; baseline 0 -20"><span class='ocrx_word' id='word_1_140' title='bbox 254 2015 272 2073; x_wconf 96' lang='grc' dir='ltr'>δ</span> <span class='ocrx_word' id='word_1_141' title='bbox 297 2008 472 2071; x_wconf 82' lang='grc'><strong>158-160.</strong></span> <span class='ocrx_word' id='word_1_142' title='bbox 504 2011 614 2072; x_wconf 87' lang='lat' dir='ltr'><strong>Helena</strong></span> <span class='ocrx_word' id='word_1_143' title='bbox 630 2013 856 2084; x_wconf 85' lang='lat' dir='ltr'><strong>Telemachum,</strong></span> <span class='ocrx_word' id='word_1_144' title='bbox 879 2015 930 2092; x_wconf 91' lang='lat' dir='ltr'><strong>qui</strong></span> <span class='ocrx_word' id='word_1_145' title='bbox 946 2013 1070 2092; x_wconf 89' lang='lat' dir='ltr'><strong>Spartae</strong></span> <span class='ocrx_word' id='word_1_146' title='bbox 1094 2031 1161 2073; x_wconf 87' lang='lat' dir='ltr'><strong>curn</strong></span> <span class='ocrx_word' id='word_1_147' title='bbox 1176 2007 1363 2073; x_wconf 81' lang='lat' dir='ltr'><strong>Pisistrato2</strong></span> 
     </span>
     <span class='ocr_line' id='line_1_17' title="bbox 170 2114 1334 2194; baseline 0.003 -22"><span class='ocrx_word' id='word_1_148' title='bbox 170 2114 301 2192; x_wconf 90' lang='lat' dir='ltr'><strong>hospitio</strong></span> <span class='ocrx_word' id='word_1_149' title='bbox 326 2121 465 2192; x_wconf 88' lang='lat' dir='ltr'><strong>acceptus</strong></span> <span class='ocrx_word' id='word_1_150' title='bbox 489 2121 547 2184; x_wconf 91' lang='lat' dir='ltr'><strong>est,</strong></span> <span class='ocrx_word' id='word_1_151' title='bbox 577 2115 743 2192; x_wconf 84' lang='lat' dir='ltr'><strong>conspicata</strong></span> <span class='ocrx_word' id='word_1_152' title='bbox 774 2119 873 2175; x_wconf 90' lang='lat' dir='ltr'><strong>statim</strong></span> <span class='ocrx_word' id='word_1_153' title='bbox 902 2122 1028 2194; x_wconf 88' lang='lat' dir='ltr'><strong>propter</strong></span> <span class='ocrx_word' id='word_1_154' title='bbox 1050 2117 1156 2176; x_wconf 90' lang='lat' dir='ltr'><strong>miram</strong></span> <span class='ocrx_word' id='word_1_155' title='bbox 1180 2117 1244 2175; x_wconf 91' lang='lat' dir='ltr'><strong>eius</strong></span> <span class='ocrx_word' id='word_1_156' title='bbox 1267 2133 1334 2175; x_wconf 92' lang='lat' dir='ltr'><strong>cum</strong></span> 
     </span>
     <span class='ocr_line' id='line_1_18' title="bbox 169 2214 1335 2295; baseline 0.002 -21"><span class='ocrx_word' id='word_1_157' title='bbox 169 2223 253 2295; x_wconf 91' lang='lat' dir='ltr'><strong>patre</strong></span> <span class='ocrx_word' id='word_1_158' title='bbox 276 2215 500 2275; x_wconf 87' lang='lat' dir='ltr'><strong>similitudinem</strong></span> <span class='ocrx_word' id='word_1_159' title='bbox 524 2234 591 2274; x_wconf 92' lang='lat' dir='ltr'><strong>cum</strong></span> <span class='ocrx_word' id='word_1_160' title='bbox 615 2214 705 2275; x_wconf 86' lang='lat' dir='ltr'><strong>Vlixis</strong></span> <span class='ocrx_word' id='word_1_161' title='bbox 726 2215 819 2276; x_wconf 87' lang='lat' dir='ltr'><strong>filium</strong></span> <span class='ocrx_word' id='word_1_162' title='bbox 843 2234 908 2277; x_wconf 87' lang='lat' dir='ltr'><strong>esse</strong></span> <span class='ocrx_word' id='word_1_163' title='bbox 931 2218 1058 2286; x_wconf 87' lang='lat' dir='ltr'><strong>conicit;</strong></span> <span class='ocrx_word' id='word_1_164' title='bbox 1082 2217 1130 2277; x_wconf 90' lang='lat' dir='ltr'><strong>oui</strong></span> <span class='ocrx_word' id='word_1_165' title='bbox 1145 2219 1335 2277; x_wconf 85' lang='lat' dir='ltr'><strong>coniecturae</strong></span> 
     </span>
     <span class='ocr_line' id='line_1_19' title="bbox 169 2316 1335 2397; baseline 0.002 -21"><span class='ocrx_word' id='word_1_166' title='bbox 169 2316 321 2377; x_wconf 89' lang='lat' dir='ltr'><strong>Menelaus</strong></span> <span class='ocrx_word' id='word_1_167' title='bbox 342 2317 431 2396; x_wconf 89' lang='lat' dir='ltr'><strong>plane</strong></span> <span class='ocrx_word' id='word_1_168' title='bbox 454 2319 630 2388; x_wconf 85' lang='lat' dir='ltr'><strong>assentitur,</strong></span> <span class='ocrx_word' id='word_1_169' title='bbox 654 2319 721 2396; x_wconf 87' lang='lat' dir='ltr'><strong>quia</strong></span> <span class='ocrx_word' id='word_1_170' title='bbox 750 2320 814 2396; x_wconf 87' lang='lat' dir='ltr'><strong>ipsc</strong></span> <span class='ocrx_word' id='word_1_171' title='bbox 842 2317 935 2378; x_wconf 84' lang='lat' dir='ltr'><strong>Vlixis</strong></span> <span class='ocrx_word' id='word_1_172' title='bbox 957 2318 1108 2378; x_wconf 89' lang='lat' dir='ltr'><strong>mentione</strong></span> <span class='ocrx_word' id='word_1_173' title='bbox 1137 2319 1213 2378; x_wconf 87' lang='lat' dir='ltr'><strong>lacta</strong></span> <span class='ocrx_word' id='word_1_174' title='bbox 1235 2319 1335 2397; x_wconf 88' lang='lat' dir='ltr'><strong>hospi·</strong></span> 
     </span>
     <span class='ocr_line' id='line_1_20' title="bbox 169 2419 1335 2479; baseline 0 -1"><span class='ocrx_word' id='word_1_175' title='bbox 169 2427 229 2478; x_wconf 91' lang='lat' dir='ltr'><strong>tem</strong></span> <span class='ocrx_word' id='word_1_176' title='bbox 258 2419 394 2478; x_wconf 81' lang='lat' dir='ltr'><strong>lacrImas</strong></span> <span class='ocrx_word' id='word_1_177' title='bbox 423 2419 597 2479; x_wconf 81' lang='lat' dir='ltr'><strong>tundentem</strong></span> <span class='ocrx_word' id='word_1_178' title='bbox 630 2419 713 2478; x_wconf 89' lang='lat' dir='ltr'><strong>vidit.</strong></span> <span class='ocrx_word' id='word_1_179' title='bbox 758 2420 834 2479; x_wconf 83' lang='lat' dir='ltr'><strong>&#39;lum</strong></span> <span class='ocrx_word' id='word_1_180' title='bbox 870 2437 939 2479; x_wconf 87' lang='lat' dir='ltr'><strong>vero</strong></span> <span class='ocrx_word' id='word_1_181' title='bbox 966 2419 1138 2479; x_wconf 90' lang='lat' dir='ltr'><strong>Pisistratus</strong></span> <span class='ocrx_word' id='word_1_182' title='bbox 1164 2419 1335 2479; x_wconf 85' lang='lat' dir='ltr'><strong>Telemachi</strong></span> 
     </span>
     <span class='ocr_line' id='line_1_21' title="bbox 169 2506 1256 2600; baseline 0.003 -21"><span class='ocrx_word' id='word_1_183' title='bbox 169 2506 316 2599; x_wconf 85' lang='lat' dir='ltr'><strong>suumque</strong></span> <span class='ocrx_word' id='word_1_184' title='bbox 338 2539 447 2580; x_wconf 89' lang='lat' dir='ltr'><strong>nomen</strong></span> <span class='ocrx_word' id='word_1_185' title='bbox 469 2540 529 2580; x_wconf 95' lang='lat' dir='ltr'><strong>non</strong></span> <span class='ocrx_word' id='word_1_186' title='bbox 552 2521 679 2600; x_wconf 90' lang='lat' dir='ltr'><strong>amplius</strong></span> <span class='ocrx_word' id='word_1_187' title='bbox 701 2521 858 2581; x_wconf 89' lang='lat' dir='ltr'><strong>tacendum</strong></span> <span class='ocrx_word' id='word_1_188' title='bbox 883 2539 946 2581; x_wconf 90' lang='lat' dir='ltr'><strong>esse</strong></span> <span class='ocrx_word' id='word_1_189' title='bbox 969 2528 1051 2580; x_wconf 91' lang='lat' dir='ltr'><strong>ratus</strong></span> <span class='ocrx_word' id='word_1_190' title='bbox 1072 2520 1146 2580; x_wconf 83' lang='lat' dir='ltr'><strong>liaeo</strong></span> <span class='ocrx_word' id='word_1_191' title='bbox 1169 2521 1256 2583; x_wconf 90' lang='lat' dir='ltr'><strong>dicit:</strong></span> 
     </span>
    </p>

    <p class='ocr_par' dir='ltr' id='par_1_4' title="bbox 171 2617 1352 4325">
     <span class='ocr_line' id='line_1_22' title="bbox 214 2617 1112 2713; baseline 0.006 -34"><span class='ocrx_word' id='word_1_192' title='bbox 214 2617 274 2680; x_wconf 80' lang='lat'><strong>156</strong></span> <span class='ocrx_word' id='word_1_193' title='bbox 324 2619 463 2698; x_wconf 87' lang='grc' dir='ltr'>Ἀτρείδη</span> <span class='ocrx_word' id='word_1_194' title='bbox 488 2621 635 2685; x_wconf 83' lang='grc' dir='ltr'>Μενέλαε</span> <span class='ocrx_word' id='word_1_195' title='bbox 657 2621 842 2700; x_wconf 81' lang='grc' dir='ltr'>διοτρεφέε,</span> <span class='ocrx_word' id='word_1_196' title='bbox 866 2617 987 2700; x_wconf 87' lang='grc' dir='ltr'>ὄρχαμε</span> <span class='ocrx_word' id='word_1_197' title='bbox 1010 2623 1112 2713; x_wconf 79' lang='grc' dir='ltr'>λαῶν,</span> 
     </span>
     <span class='ocr_line' id='line_1_23' title="bbox 321 2721 1215 2804; baseline 0.001 -20"><span class='ocrx_word' id='word_1_198' title='bbox 321 2722 430 2785; x_wconf 84' lang='grc' dir='ltr'>κείνου</span> <span class='ocrx_word' id='word_1_199' title='bbox 452 2721 510 2800; x_wconf 90' lang='grc' dir='ltr'><strong>μέν</strong></span> <span class='ocrx_word' id='word_1_200' title='bbox 531 2721 659 2804; x_wconf 69' lang='grc' dir='ltr'>τοιάδ’</span> <span class='ocrx_word' id='word_1_201' title='bbox 681 2721 750 2786; x_wconf 74' lang='lat' dir='ltr'><strong>uide</strong></span> <span class='ocrx_word' id='word_1_202' title='bbox 772 2722 943 2804; x_wconf 81' lang='grc' dir='ltr'>ἐτήτυμον,</span> <span class='ocrx_word' id='word_1_203' title='bbox 968 2723 1014 2785; x_wconf 85' lang='grc' dir='ltr'><strong>ὼε</strong></span> <span class='ocrx_word' id='word_1_204' title='bbox 1035 2721 1215 2801; x_wconf 70' lang='grc' dir='ltr'>ἀγορεύεις·</span> 
     </span>
     <span class='ocr_line' id='line_1_24' title="bbox 323 2822 1121 2908; baseline 0.003 -22"><span class='ocrx_word' id='word_1_205' title='bbox 323 2822 406 2887; x_wconf 89' lang='grc' dir='ltr'>ἀλλὰ</span> <span class='ocrx_word' id='word_1_206' title='bbox 429 2823 582 2904; x_wconf 85' lang='grc' dir='ltr'>εαόφρων</span> <span class='ocrx_word' id='word_1_207' title='bbox 604 2823 681 2901; x_wconf 81' lang='grc' dir='ltr'>ἐετί,</span> <span class='ocrx_word' id='word_1_208' title='bbox 704 2826 886 2902; x_wconf 83' lang='grc' dir='ltr'>νεμεεεάται</span> <span class='ocrx_word' id='word_1_209' title='bbox 907 2823 941 2886; x_wconf 73' lang='grc' dir='ltr'><strong>δ’</strong></span> <span class='ocrx_word' id='word_1_210' title='bbox 963 2823 1011 2889; x_wconf 84' lang='grc' dir='ltr'><strong>ἐνὶ</strong></span> <span class='ocrx_word' id='word_1_211' title='bbox 1032 2828 1121 2908; x_wconf 82' lang='grc' dir='ltr'>θυμῷ</span> 
     </span>
     <span class='ocr_line' id='line_1_25' title="bbox 323 2921 1132 3006; baseline 0.002 -20"><span class='ocrx_word' id='word_1_212' title='bbox 323 2921 386 2987; x_wconf 82' lang='grc' dir='ltr'><strong>ὧδ’</strong></span> <span class='ocrx_word' id='word_1_213' title='bbox 408 2925 510 2990; x_wconf 82' lang='grc' dir='ltr'>ἐλθὼν</span> <span class='ocrx_word' id='word_1_214' title='bbox 532 2925 717 3004; x_wconf 85' lang='grc' dir='ltr'>τὸπρῶτον</span> <span class='ocrx_word' id='word_1_215' title='bbox 733 2923 919 3006; x_wconf 83' lang='grc' dir='ltr'>ἐπεεβολίαε</span> <span class='ocrx_word' id='word_1_216' title='bbox 941 2923 1132 3004; x_wconf 84' lang='grc' dir='ltr'>ἀναφαίνειν</span> 
     </span>
     <span class='ocr_line' id='line_1_26' title="bbox 216 3025 1172 3110; baseline 0.001 -22"><span class='ocrx_word' id='word_1_217' title='bbox 216 3025 277 3088; x_wconf 86' lang='grc'><strong>160</strong></span> <span class='ocrx_word' id='word_1_218' title='bbox 326 3025 407 3089; x_wconf 88' lang='grc' dir='ltr'>ἄντα</span> <span class='ocrx_word' id='word_1_219' title='bbox 430 3026 536 3110; x_wconf 82' lang='grc' dir='ltr'>εέθεν,</span> <span class='ocrx_word' id='word_1_220' title='bbox 559 3031 617 3090; x_wconf 82' lang='grc' dir='ltr'><strong>τοῦ</strong></span> <span class='ocrx_word' id='word_1_221' title='bbox 639 3031 699 3091; x_wconf 85' lang='grc' dir='ltr'><strong>νῶι</strong></span> <span class='ocrx_word' id='word_1_222' title='bbox 721 3029 797 3090; x_wconf 86' lang='grc' dir='ltr'>θεοῦ</span> <span class='ocrx_word' id='word_1_223' title='bbox 821 3027 865 3090; x_wconf 78' lang='lat' dir='ltr'><strong>otc</strong></span> <span class='ocrx_word' id='word_1_224' title='bbox 887 3027 1059 3106; x_wconf 78' lang='grc' dir='ltr'>τερπόμεθ’</span> <span class='ocrx_word' id='word_1_225' title='bbox 1082 3026 1172 3108; x_wconf 83' lang='grc' dir='ltr'>αύδῇ.</span> 
     </span>
     <span class='ocr_line' id='line_1_27' title="bbox 323 3127 1126 3215; baseline 0.001 -24"><span class='ocrx_word' id='word_1_226' title='bbox 323 3127 425 3206; x_wconf 87' lang='grc' dir='ltr'>αὐτὰρ</span> <span class='ocrx_word' id='word_1_227' title='bbox 442 3129 502 3215; x_wconf 79' lang='grc' dir='ltr'><strong>Ιἐμὲ</strong></span> <span class='ocrx_word' id='word_1_228' title='bbox 524 3129 662 3209; x_wconf 85' lang='grc' dir='ltr'>προέηκε</span> <span class='ocrx_word' id='word_1_229' title='bbox 677 3128 835 3206; x_wconf 70' lang='grc' dir='ltr'>,Γερήνιος</span> <span class='ocrx_word' id='word_1_230' title='bbox 856 3127 975 3192; x_wconf 81' lang='grc' dir='ltr'>ἱππότα</span> <span class='ocrx_word' id='word_1_231' title='bbox 998 3129 1126 3208; x_wconf 84' lang='grc' dir='ltr'>Νέετωρ</span> 
     </span>
     <span class='ocr_line' id='line_1_28' title="bbox 323 3229 1287 3314; baseline -0.001 -21"><span class='ocrx_word' id='word_1_232' title='bbox 323 3236 368 3314; x_wconf 78' lang='grc' dir='ltr'><strong>τῷ</strong></span> <span class='ocrx_word' id='word_1_233' title='bbox 391 3229 455 3308; x_wconf 84' lang='grc' dir='ltr'><strong>ἅμα</strong></span> <span class='ocrx_word' id='word_1_234' title='bbox 476 3232 608 3311; x_wconf 87' lang='grc' dir='ltr'>πομπὸν</span> <span class='ocrx_word' id='word_1_235' title='bbox 632 3230 772 3294; x_wconf 82' lang='grc' dir='ltr'>ἓπεεθαι·</span> <span class='ocrx_word' id='word_1_236' title='bbox 801 3229 930 3294; x_wconf 83' lang='grc' dir='ltr'>ἐέλδετο</span> <span class='ocrx_word' id='word_1_237' title='bbox 952 3230 1014 3310; x_wconf 90' lang='grc' dir='ltr'><strong>γάρ</strong></span> <span class='ocrx_word' id='word_1_238' title='bbox 1037 3250 1071 3294; x_wconf 84' lang='grc' dir='ltr'><strong>τε</strong></span> <span class='ocrx_word' id='word_1_239' title='bbox 1092 3229 1209 3294; x_wconf 83' lang='grc' dir='ltr'>ἰδέεθαι</span> <span class='ocrx_word' id='word_1_240' title='bbox 1232 3240 1287 3292; x_wconf 88' lang='lat' dir='ltr'><strong>cet.</strong></span> 
     </span>
     <span class='ocr_line' id='line_1_29' title="bbox 172 3331 1336 3414; baseline 0.001 -22"><span class='ocrx_word' id='word_1_241' title='bbox 172 3333 217 3393; x_wconf 80' lang='lat' dir='ltr'><strong>Ad</strong></span> <span class='ocrx_word' id='word_1_242' title='bbox 245 3333 318 3392; x_wconf 80' lang='lat' dir='ltr'><strong>liaeo</strong></span> <span class='ocrx_word' id='word_1_243' title='bbox 349 3333 486 3394; x_wconf 87' lang='lat' dir='ltr'><strong>adnotata</strong></span> <span class='ocrx_word' id='word_1_244' title='bbox 515 3342 599 3394; x_wconf 89' lang='lat' dir='ltr'><strong>sunt:</strong></span> <span class='ocrx_word' id='word_1_245' title='bbox 628 3331 687 3396; x_wconf 90' lang='grc' dir='ltr'><strong>οὐκ</strong></span> <span class='ocrx_word' id='word_1_246' title='bbox 714 3331 874 3410; x_wconf 84' lang='grc' dir='ltr'>ἐφέροντο</span> <span class='ocrx_word' id='word_1_247' title='bbox 908 3331 949 3397; x_wconf 75' lang='grc' dir='ltr'><strong>ἐν’</strong></span> <span class='ocrx_word' id='word_1_248' title='bbox 971 3338 1010 3414; x_wconf 82' lang='grc' dir='ltr'><strong>τῇ</strong></span> <span class='ocrx_word' id='word_1_249' title='bbox 1037 3333 1165 3397; x_wconf 85' lang='grc' dir='ltr'>Ῥιανοῦ</span> <span class='ocrx_word' id='word_1_250' title='bbox 1194 3331 1225 3395; x_wconf 86' lang='grc' dir='ltr'><strong>οἱ</strong></span> <span class='ocrx_word' id='word_1_251' title='bbox 1251 3333 1336 3409; x_wconf 86' lang='grc' dir='ltr'>τρεῑε</span> 
     </span>
     <span class='ocr_line' id='line_1_30' title="bbox 172 3433 1336 3515; baseline -0.003 -20"><span class='ocrx_word' id='word_1_252' title='bbox 172 3433 270 3512; x_wconf 85' lang='grc' dir='ltr'>ετίχοι</span> <span class='ocrx_word' id='word_1_253' title='bbox 299 3434 363 3515; x_wconf 84' lang='grc' dir='ltr'><strong>(Η),</strong></span> <span class='ocrx_word' id='word_1_254' title='bbox 393 3437 517 3515; x_wconf 88' lang='lat' dir='ltr'><strong>eiusque</strong></span> <span class='ocrx_word' id='word_1_255' title='bbox 547 3437 690 3496; x_wconf 89' lang='lat' dir='ltr'><strong>athetesis</strong></span> <span class='ocrx_word' id='word_1_256' title='bbox 718 3453 823 3496; x_wconf 87' lang='lat' dir='ltr'><strong>causae</strong></span> <span class='ocrx_word' id='word_1_257' title='bbox 853 3435 917 3495; x_wconf 90' lang='lat' dir='ltr'><strong>sine</strong></span> <span class='ocrx_word' id='word_1_258' title='bbox 945 3434 1036 3495; x_wconf 88' lang='lat' dir='ltr'><strong>dubio</strong></span> <span class='ocrx_word' id='word_1_259' title='bbox 1064 3435 1253 3496; x_wconf 85' lang='lat' dir='ltr'><strong>declarantur</strong></span> <span class='ocrx_word' id='word_1_260' title='bbox 1280 3434 1336 3493; x_wconf 89' lang='lat' dir='ltr'><strong>hoc</strong></span> 
     </span>
     <span class='ocr_line' id='line_1_31' title="bbox 172 3532 1335 3614; baseline -0.001 -18"><span class='ocrx_word' id='word_1_261' title='bbox 172 3535 283 3596; x_wconf 90' lang='lat' dir='ltr'><strong>scholio</strong></span> <span class='ocrx_word' id='word_1_262' title='bbox 307 3535 417 3596; x_wconf 87' lang='lat' dir='ltr'><strong>altero:</strong></span> <span class='ocrx_word' id='word_1_263' title='bbox 441 3534 524 3600; x_wconf 91' lang='grc' dir='ltr'>ἀλλὰ</span> <span class='ocrx_word' id='word_1_264' title='bbox 547 3535 717 3614; x_wconf 87' lang='grc' dir='ltr'>εαόφρων·</span> <span class='ocrx_word' id='word_1_265' title='bbox 747 3533 835 3610; x_wconf 90' lang='grc' dir='ltr'>παρὰ</span> <span class='ocrx_word' id='word_1_266' title='bbox 857 3534 897 3598; x_wconf 89' lang='grc' dir='ltr'><strong>τὰ</strong></span> <span class='ocrx_word' id='word_1_267' title='bbox 918 3532 1035 3613; x_wconf 89' lang='grc' dir='ltr'>πάτρια</span> <span class='ocrx_word' id='word_1_268' title='bbox 1056 3535 1109 3598; x_wconf 89' lang='grc' dir='ltr'><strong>καὶ</strong></span> <span class='ocrx_word' id='word_1_269' title='bbox 1136 3533 1197 3612; x_wconf 91' lang='grc' dir='ltr'><strong>ούχ</strong></span> <span class='ocrx_word' id='word_1_270' title='bbox 1219 3532 1335 3612; x_wconf 85' lang='grc' dir='ltr'>ἁρμότ-</span> 
     </span>
     <span class='ocr_line' id='line_1_32' title="bbox 171 3635 1336 3719; baseline -0.002 -19"><span class='ocrx_word' id='word_1_271' title='bbox 171 3656 270 3700; x_wconf 91' lang='grc' dir='ltr'>τοντα</span> <span class='ocrx_word' id='word_1_272' title='bbox 297 3642 342 3719; x_wconf 80' lang='grc' dir='ltr'><strong>τῷ</strong></span> <span class='ocrx_word' id='word_1_273' title='bbox 363 3636 590 3714; x_wconf 87' lang='grc' dir='ltr'>Πειειετράτου</span> <span class='ocrx_word' id='word_1_274' title='bbox 618 3636 796 3717; x_wconf 83' lang='grc' dir='ltr'>προεώπῳ·</span> <span class='ocrx_word' id='word_1_275' title='bbox 832 3635 883 3698; x_wconf 87' lang='grc' dir='ltr'><strong>καὶ</strong></span> <span class='ocrx_word' id='word_1_276' title='bbox 910 3635 948 3699; x_wconf 86' lang='grc' dir='ltr'><strong>τὸ</strong></span> <span class='ocrx_word' id='word_1_277' title='bbox 970 3635 1151 3714; x_wconf 80' lang='grc' dir='ltr'>νεμεεεᾶται</span> <span class='ocrx_word' id='word_1_278' title='bbox 1180 3635 1251 3699; x_wconf 90' lang='grc' dir='ltr'>ἀντὶ</span> <span class='ocrx_word' id='word_1_279' title='bbox 1278 3637 1336 3698; x_wconf 84' lang='grc' dir='ltr'><strong>τοῦ</strong></span> 
     </span>
     <span class='ocr_line' id='line_1_33' title="bbox 172 3735 1336 3818; baseline -0.002 -18"><span class='ocrx_word' id='word_1_280' title='bbox 172 3737 306 3801; x_wconf 83' lang='grc' dir='ltr'>αἰδεῖται</span> <span class='ocrx_word' id='word_1_281' title='bbox 329 3737 390 3817; x_wconf 85' lang='grc' dir='ltr'><strong>οὐχ</strong></span> <span class='ocrx_word' id='word_1_282' title='bbox 412 3737 596 3818; x_wconf 82' lang='grc' dir='ltr'>Ὁμηρικῶε,</span> <span class='ocrx_word' id='word_1_283' title='bbox 619 3736 669 3801; x_wconf 84' lang='grc' dir='ltr'><strong>καὶ</strong></span> <span class='ocrx_word' id='word_1_284' title='bbox 691 3736 722 3799; x_wconf 78' lang='grc' dir='ltr'><strong>αἱ</strong></span> <span class='ocrx_word' id='word_1_285' title='bbox 744 3735 922 3817; x_wconf 83' lang='grc' dir='ltr'>ἑπεεβολίαι</span> <span class='ocrx_word' id='word_1_286' title='bbox 944 3737 1079 3811; x_wconf 84' lang='grc' dir='ltr'>γελοῖαι.</span> <span class='ocrx_word' id='word_1_287' title='bbox 1101 3736 1177 3800; x_wconf 88' lang='grc' dir='ltr'>ὅθεν</span> <span class='ocrx_word' id='word_1_288' title='bbox 1192 3735 1336 3813; x_wconf 92' lang='grc' dir='ltr'>Ζηνόδο-</span> 
     </span>
     <span class='ocr_line' id='line_1_34' title="bbox 172 3837 1337 3919; baseline -0.003 -17"><span class='ocrx_word' id='word_1_289' title='bbox 172 3858 228 3903; x_wconf 82' lang='grc' dir='ltr'><strong>τοε</strong></span> <span class='ocrx_word' id='word_1_290' title='bbox 251 3842 429 3918; x_wconf 82' lang='grc' dir='ltr'>μεταποιεῖ·</span> <span class='ocrx_word' id='word_1_291' title='bbox 452 3839 632 3919; x_wconf 80' lang='grc' dir='ltr'>ἐπιετομίαε</span> <span class='ocrx_word' id='word_1_292' title='bbox 661 3837 851 3916; x_wconf 87' lang='grc' dir='ltr'>ἀναφαίνειν</span> <span class='ocrx_word' id='word_1_293' title='bbox 881 3837 935 3917; x_wconf 81' lang='lat' dir='ltr'>(Q).</span> <span class='ocrx_word' id='word_1_294' title='bbox 973 3841 1045 3900; x_wconf 80' lang='lat' dir='ltr'><strong>Cum</strong></span> <span class='ocrx_word' id='word_1_295' title='bbox 1068 3848 1165 3900; x_wconf 86' lang='lat' dir='ltr'><strong>antem</strong></span> <span class='ocrx_word' id='word_1_296' title='bbox 1190 3842 1337 3899; x_wconf 84' lang='lat' dir='ltr'><strong>extortio</strong></span> 
     </span>
     <span class='ocr_line' id='line_1_35' title="bbox 173 3928 1352 4025; baseline -0.003 -22"><span class='ocrx_word' id='word_1_297' title='bbox 173 3942 286 4003; x_wconf 90' lang='lat' dir='ltr'><strong>scholio</strong></span> <span class='ocrx_word' id='word_1_298' title='bbox 321 3943 433 4003; x_wconf 90' lang='lat' dir='ltr'><strong>eisdem</strong></span> <span class='ocrx_word' id='word_1_299' title='bbox 470 3944 517 4002; x_wconf 79' lang='lat' dir='ltr'><strong>llis</strong></span> <span class='ocrx_word' id='word_1_300' title='bbox 548 3942 685 4002; x_wconf 87' lang='lat' dir='ltr'><strong>versibus</strong></span> <span class='ocrx_word' id='word_1_301' title='bbox 712 3943 856 4020; x_wconf 87' lang='lat' dir='ltr'><strong>ascripto:</strong></span> <span class='ocrx_word' id='word_1_302' title='bbox 900 3939 1087 4004; x_wconf 82' lang='grc' dir='ltr'>ἀθετοῦνται</span> <span class='ocrx_word' id='word_1_303' title='bbox 1115 3939 1211 4003; x_wconf 87' lang='grc' dir='ltr'>πέντε</span> <span class='ocrx_word' id='word_1_304' title='bbox 1238 3928 1352 4025; x_wconf 73' lang='grc' dir='ltr'>(τὶχοι</span> 
     </span>
     <span class='ocr_line' id='line_1_36' title="bbox 174 4039 1335 4122; baseline -0.007 -16"><span class='ocrx_word' id='word_1_305' title='bbox 174 4042 218 4106; x_wconf 80' lang='grc' dir='ltr'><strong>ὼε</strong></span> <span class='ocrx_word' id='word_1_306' title='bbox 241 4043 382 4121; x_wconf 86' lang='grc' dir='ltr'>περιττοὶ</span> <span class='ocrx_word' id='word_1_307' title='bbox 404 4044 455 4107; x_wconf 86' lang='grc' dir='ltr'><strong>καὶ</strong></span> <span class='ocrx_word' id='word_1_308' title='bbox 477 4041 541 4106; x_wconf 85' lang='grc' dir='ltr'><strong>ὑπὸ</strong></span> <span class='ocrx_word' id='word_1_309' title='bbox 565 4043 643 4106; x_wconf 89' lang='grc' dir='ltr'>νέου</span> <span class='ocrx_word' id='word_1_310' title='bbox 665 4041 846 4105; x_wconf 86' lang='grc' dir='ltr'>παντάπαει</span> <span class='ocrx_word' id='word_1_311' title='bbox 868 4040 1011 4116; x_wconf 82' lang='grc' dir='ltr'>λέγεεθαι</span> <span class='ocrx_word' id='word_1_312' title='bbox 1032 4039 1201 4122; x_wconf 25' lang='grc' dir='ltr'>,ἀπρεπεῖε</span> <span class='ocrx_word' id='word_1_313' title='bbox 1232 4039 1268 4120; x_wconf 90' lang='grc' dir='ltr'><strong>(Η</strong></span> <span class='ocrx_word' id='word_1_314' title='bbox 1290 4039 1335 4118; x_wconf 79' lang='lat' dir='ltr'><strong>Q).</strong></span> 
     </span>
     <span class='ocr_line' id='line_1_37' title="bbox 173 4139 1337 4227; baseline -0.005 -19"><span class='ocrx_word' id='word_1_315' title='bbox 173 4144 280 4209; x_wconf 85' lang='grc' dir='ltr'>ἀλλωε</span> <span class='ocrx_word' id='word_1_316' title='bbox 302 4165 336 4208; x_wconf 91' lang='grc' dir='ltr'><strong>τε</strong></span> <span class='ocrx_word' id='word_1_317' title='bbox 366 4143 443 4208; x_wconf 81' lang='grc' dir='ltr'>οὐδὲ</span> <span class='ocrx_word' id='word_1_318' title='bbox 473 4143 784 4224; x_wconf 80' lang='grc' dir='ltr'>ευμβουλευεόμενοε</span> <span class='ocrx_word' id='word_1_319' title='bbox 811 4148 857 4227; x_wconf 83' lang='grc' dir='ltr'><strong>τῷ</strong></span> <span class='ocrx_word' id='word_1_320' title='bbox 881 4142 1037 4226; x_wconf 85' lang='grc' dir='ltr'>Μενελάῳ</span> <span class='ocrx_word' id='word_1_321' title='bbox 1065 4141 1230 4223; x_wconf 78' lang='grc' dir='ltr'>πάρεετιν,</span> <span class='ocrx_word' id='word_1_322' title='bbox 1260 4139 1337 4203; x_wconf 78' lang='grc' dir='ltr'>ἀλλ’</span> 
     </span>
     <span class='ocr_line' id='line_1_38' title="bbox 173 4245 1336 4325; baseline -0.007 -16"><span class='ocrx_word' id='word_1_323' title='bbox 173 4245 203 4309; x_wconf 87' lang='grc' dir='ltr'><strong>εἴ</strong></span> <span class='ocrx_word' id='word_1_324' title='bbox 224 4267 295 4310; x_wconf 90' lang='grc' dir='ltr'>τινα</span> <span class='ocrx_word' id='word_1_325' title='bbox 316 4246 478 4325; x_wconf 86' lang='grc' dir='ltr'>κληηδόνα</span> <span class='ocrx_word' id='word_1_326' title='bbox 499 4247 621 4325; x_wconf 87' lang='grc' dir='ltr'>πατρόε</span> <span class='ocrx_word' id='word_1_327' title='bbox 650 4246 772 4310; x_wconf 85' lang='grc' dir='ltr'>ἑνίεποι</span> <span class='ocrx_word' id='word_1_328' title='bbox 801 4245 845 4324; x_wconf 82' lang='lat' dir='ltr'><strong>(Q)</strong></span> <span class='ocrx_word' id='word_1_329' title='bbox 868 4263 1094 4324; x_wconf 81' lang='lat' dir='ltr'><strong>cognoscamus,</strong></span> <span class='ocrx_word' id='word_1_330' title='bbox 1124 4245 1197 4304; x_wconf 88' lang='lat' dir='ltr'><strong>alios</strong></span> <span class='ocrx_word' id='word_1_331' title='bbox 1220 4261 1336 4322; x_wconf 87' lang='lat' dir='ltr'><strong>quoquc</strong></span> 
     </span>
    </p>
   </div>
   <div class='ocr_carea' id='block_1_3' title="bbox 173 4343 1336 4497">
    <p class='ocr_par' dir='ltr' id='par_1_5' title="bbox 173 4343 1336 4497">
     <span class='ocr_line' id='line_1_39' title="bbox 173 4343 1336 4427; baseline -0.006 -17"><span class='ocrx_word' id='word_1_332' title='bbox 173 4353 398 4427; x_wconf 76' lang='lat' dir='ltr'><strong>grammaticoS,</strong></span> <span class='ocrx_word' id='word_1_333' title='bbox 437 4351 468 4410; x_wconf 92' lang='lat' dir='ltr'><strong>in</strong></span> <span class='ocrx_word' id='word_1_334' title='bbox 505 4350 552 4410; x_wconf 92' lang='lat' dir='ltr'><strong>his</strong></span> <span class='ocrx_word' id='word_1_335' title='bbox 590 4348 808 4418; x_wconf 82' lang='lat' dir='ltr'><strong>Aristarchum,</strong></span> <span class='ocrx_word' id='word_1_336' title='bbox 847 4349 931 4408; x_wconf 89' lang='lat' dir='ltr'><strong>cuius</strong></span> <span class='ocrx_word' id='word_1_337' title='bbox 967 4347 1047 4407; x_wconf 87' lang='lat' dir='ltr'><strong>oholi</strong></span> <span class='ocrx_word' id='word_1_338' title='bbox 1083 4347 1130 4406; x_wconf 89' lang='lat' dir='ltr'><strong>his</strong></span> <span class='ocrx_word' id='word_1_339' title='bbox 1166 4343 1267 4405; x_wconf 88' lang='lat' dir='ltr'><strong>verbis</strong></span> <span class='ocrx_word' id='word_1_340' title='bbox 1299 4343 1336 4404; x_wconf 94' lang='lat' dir='ltr'><strong>ab</strong></span> 
     </span>
     <span class='ocr_line' id='line_1_40' title="bbox 1119 4449 1135 4497; baseline 0 0"><span class='ocrx_word' id='word_1_341' title='bbox 1119 4449 1135 4497; x_wconf 90' lang='grc'><strong>3</strong></span> 
     </span>
    </p>
   </div>
   <div class='ocr_carea' id='block_1_4' title="bbox 0 0 1679 5156">
    <p class='ocr_par' dir='ltr' id='par_1_6' title="bbox 0 0 1679 5156">
     <span class='ocr_line' id='line_1_41' title="bbox 0 0 1679 5156; baseline 0 0"><span class='ocrx_word' id='word_1_342' title='bbox 0 0 1679 5156; x_wconf 95' lang='lat' dir='ltr'><strong> </strong></span> 
     </span>
    </p>
   </div>
  </div>
 </body>
</html>
