3340 5164
262 1266 437 1350 Homericis
459 1289 487 1348 in
512 1288 618 1348 studiis
647 1290 768 1368 procedi
791 1298 872 1350 recte
895 1309 954 1354 non
983 1310 1070 1370 posse
1098 1295 1158 1353 nisi
1180 1296 1344 1370 recognitis

180 1397 210 1450 et
231 1391 398 1470 perspectis
426 1407 622 1470 quaecunque
654 1393 684 1450 in
708 1391 836 1452 Homero
865 1400 895 1452 et
923 1394 1107 1455 emendando
1135 1402 1165 1454 et
1195 1397 1343 1474 interpre-

180 1492 268 1552 tando
297 1494 355 1552 iam
384 1493 572 1568 grammatici
595 1491 788 1553 Alexandrini
817 1496 1038 1572 praestiterint,
1061 1482 1097 1556 F.
1121 1498 1154 1556 A.
1184 1495 1344 1557 Wollius

178 1593 387 1654 inmortalibus
420 1595 482 1653 suis
517 1593 554 1654 ad
582 1593 743 1656 Homerum
772 1596 994 1674 prolegomenis
1022 1603 1082 1656 tam
1110 1597 1264 1658 evidenter
1292 1599 1341 1659 de-

178 1696 368 1763 monstravit,
399 1702 430 1754 ut
453 1697 533 1755 inter
555 1695 692 1756 homines
714 1696 817 1757 doctos
840 1697 927 1760 hodie
951 1700 998 1758 vix
1021 1700 1191 1778 quisquam,
1222 1701 1273 1778 qui
1297 1702 1342 1760 in·

178 1798 265 1857 litiari
289 1796 409 1866 audeat,
432 1797 608 1873 reperiatur.
652 1796 838 1878 Quapropter
866 1801 896 1859 in
919 1799 1187 1860 Alexandrinorum
1210 1801 1342 1863 doctrina

178 1899 309 1959 eruenda
333 1904 363 1958 et
385 1898 553 1959 renovanda
575 1901 709 1978 proxima
733 1907 799 1978 post
814 1898 953 1968 Woliium
977 1909 1073 1962 aetate
1089 1919 1223 1979 magnam
1247 1904 1342 1982 philo·

177 2000 236 2075 logi
259 1999 453 2060 ostenderunt
482 2001 682 2072 sedulitatem,
711 2019 779 2061 cum
807 2002 858 2061 alii
887 2005 1147 2079 grammaticorum
1176 2003 1269 2065 libros
1297 2007 1342 2066 in·

178 2102 274 2162 editos
303 2119 338 2161 ex
368 2100 615 2162 bibliothecarum
644 2101 750 2162 umbra
778 2103 1002 2182 protraherent,
1038 2104 1088 2164 alii
1117 2105 1341 2167 scholiastarum

178 2203 385 2264 adnotationes
407 2211 495 2278 atque
517 2203 664 2264 Eustathii
693 2204 879 2281 aliorumque
904 2208 1133 2266 commentarios
1155 2209 1239 2268 novis
1262 2211 1343 2269 curis

178 2304 332 2364 emendata
355 2303 493 2373 ederent,
524 2303 711 2384 iidemque,
741 2308 793 2384 qui
815 2305 937 2366 Homeri
966 2307 1113 2367 editiones
1142 2308 1177 2368 ad
1207 2311 1342 2370 criticam

177 2408 325 2468 rationem
352 2412 505 2466 revocatas
532 2415 687 2484 pararent,
723 2408 854 2484 ingentis
887 2406 967 2467 illius
996 2416 1156 2488 apparatus
1183 2410 1344 2488 diligenter
1406 2483 1408 2490 Ι

177 2507 380 2587 pertractandi
409 2525 566 2585 operosum
597 2509 786 2586 susciperent
812 2508 961 2578 laborem,
991 2517 1023 2570 ut
1050 2511 1120 2571 inde
1150 2510 1185 2572 ad
1213 2515 1341 2589 genuina

177 2617 282 2689 poetae
305 2607 395 2668 verba
420 2608 605 2670 restituenda
628 2626 716 2687 quam
739 2609 902 2688 plurimum
924 2609 1123 2672 lucrarentur.
1169 2612 1227 2673 Sed
1249 2615 1348 2676 multo

177 2714 267 2771 etiam
296 2711 408 2770 maiora
438 2711 622 2770 incrementa
651 2716 796 2789 ceperunt
823 2711 896 2772 haec
918 2712 1030 2782 studia,
1060 2732 1096 2773 ex
1123 2733 1181 2793 quo
1208 2721 1342 2795 tempore

177 2813 212 2874 ll.
235 2813 417 2873 Lehrsius
444 2809 522 2871 lihro
549 2811 599 2872 illo
628 2811 663 2871 de
686 2811 851 2872 Aristarchi
874 2812 981 2873 studiis
1003 2813 1182 2882 Homericis,
1206 2819 1257 2894 qui
1280 2837 1342 2878 om·

178 2917 259 2975 nium
276 2914 362 2975 laude
386 2920 415 2972 et
430 2913 624 2973 admiratione
641 2912 826 2982 celebratur,
850 2921 992 2993 quantum
1016 2934 1107 2977 novae
1130 2922 1159 2976 et
1180 2918 1342 2996 frugiferae

179 3018 322 3077 scientiae
352 3034 386 3074 ex
411 3012 531 3074 scholiis
554 3014 755 3075 curiosissime
779 3014 975 3094 pervolutatis
1003 3014 1072 3077 elici
1101 3026 1216 3096 posset,
1245 3020 1341 3081 decla·

179 3119 254 3179 ravit
276 3125 306 3177 et
327 3119 400 3176 viris
423 3115 518 3176 doctis
540 3116 595 3175 hoc
611 3118 799 3195 potissimum
815 3117 986 3195 proposuit,
1011 3127 1043 3179 ut
1058 3119 1204 3180 consimili
1226 3123 1341 3183 ratione

179 3219 362 3298 singulorum
386 3201 652 3278 Alexandrinorum
676 3221 864 3288 memoriam,-
888 3236 963 3297 quae
987 3223 1071 3298 quasi
1095 3221 1208 3300 sepulta
1231 3225 1343 3283 iaceret

178 3325 208 3381 in
232 3328 311 3382 vasta
329 3319 507 3380 scholiorum
524 3321 679 3396 congerie,
704 3323 919 3381 resuscitarent
934 3327 964 3380 et
986 3323 1017 3380 in
1039 3321 1136 3382 lucem
1152 3323 1341 3384 reducerent.

179 3423 242 3494 Quo
270 3425 301 3482 in
330 3421 431 3481 labore
459 3421 642 3499 perficiendo
676 3421 753 3482 haud
788 3441 898 3501 paucos
927 3423 1016 3483 huius
1045 3425 1151 3484 aetatis
1178 3425 1342 3504 philologos

178 3525 312 3585 videmus
334 3522 459 3582 multum
487 3521 598 3582 laboris
625 3530 655 3583 et
683 3542 790 3602 operae
813 3526 1048 3603 consumpsisse,
1078 3532 1165 3604 atque
1193 3527 1250 3586 iam
1272 3546 1341 3606 pro·

179 3627 298 3686 dierunt
325 3625 354 3684 in
383 3624 480 3683 lucem
508 3623 543 3683 de
573 3623 768 3703 Aristophane
792 3625 947 3704 Byzantio,
972 3625 1152 3695 Callistrato,
1181 3626 1340 3698 Zenodoto,

179 3727 362 3795 Herodiano,
397 3724 559 3794 Nicanore,
594 3727 781 3795 Aristonico,
816 3725 960 3806 Didymo,
994 3725 1180 3805 Porphyrio,
1217 3729 1341 3791 Seleuco

179 3828 351 3895 Homerico,
375 3827 551 3906 Tryphone,
568 3825 745 3896 Philoxeno,
762 3827 918 3907 Apollonio
934 3827 1065 3898 Rhodio,
1083 3829 1199 3890 Cratete
1214 3830 1340 3902 Mallota,

178 3929 278 3990 multis
301 3928 368 3989 aliis
391 3929 592 4006 grammaticis
619 3930 883 3990 commentationes
906 3928 1009 3990 doctae
1038 3936 1068 3989 et
1097 3930 1167 3991 libri
1190 3931 1341 4001 laboriosi,

178 4050 304 4111 quorum
327 4037 407 4090 tanta
424 4037 469 4090 est
492 4032 522 4089 in
546 4029 715 4108 republica
737 4031 883 4091 litteraria
904 4030 1074 4101 celebritas,
1098 4039 1132 4093 ut
1147 4034 1340 4094 enumerandi

153 4151 267 4212 -opera
291 4132 488 4211 supersedere
513 4135 632 4209 possim.

263 4235 447 4312 Quamquam
471 4241 569 4294 autem
592 4235 771 4295 consociatis
793 4240 836 4294 tot
850 4234 1037 4295 eruditorum
1059 4235 1211 4296 hominum
1235 4237 1342 4298 studiis

180 4335 396 4397 Alexandrinae
419 4354 506 4415 quam
522 4342 627 4396 vocant
650 4337 739 4396 aetati
754 4337 863 4396 mirum
879 4342 1021 4416 quantum
1044 4336 1119 4396 lucis
1141 4335 1272 4399 oblatum
1288 4347 1340 4410 est,
