3340 5164
676 377 680 384 ·
711 389 865 486 „ra

204 581 318 640 tionem
341 579 530 648 traducatur,
554 588 587 640 ut
609 583 647 640 sit
669 582 698 642 id
715 579 793 660 quod
817 582 980 652 durabilia,
997 587 1166 656 perpetuus
1182 578 1247 657 (clr.
1265 579 1291 641 Θ
1306 577 1367 640 521

205 679 332 760 φυλακὴ
356 679 391 743 δέ
412 700 461 743 τι(
488 679 628 759 ἔμπεδος
655 679 735 744 detur
758 689 788 741 et
810 685 829 744 θ
850 678 914 744 453
941 679 1048 760 τόφρα
1075 680 1111 743 δέ
1139 679 1171 744 οἱ
1198 679 1310 758 κομιδή
1331 699 1368 753 γε

204 787 268 864 θεῷ
291 780 337 844 ὣ(
358 780 498 859 ἔμπεδος
513 780 599 862 ἦεν),
621 785 771 845 Ameisius
794 782 954 863 explicavit
969 781 1174 844 ‘dauerhaltes
1189 783 1367 852 lllcinvieb'‚

205 885 240 945 ad
264 903 339 964 quae
364 885 394 945 in
417 884 548 944 editione
564 885 657 946 altera
673 885 839 947 adiecerat:
863 885 923 944 ‘die
939 883 1197 964 Dauerhaltiglreit
1210 885 1264 944 der
1280 884 1367 944 Vieh·

204 985 293 1047 zucht
315 987 347 1047 in
368 984 471 1047 ltbalra
493 987 543 1046 bat
566 985 657 1048 selbst
680 986 775 1048 durch
798 987 847 1046 die
869 987 976 1046 Freier
998 987 1081 1048 nicht
1104 987 1272 1048 verniolrtet
1293 1005 1367 1046 wer·

205 1089 263 1149 den
290 1087 436 1156 konnen'3
469 1087 543 1148 haec
573 1095 674 1150 autem
701 1098 784 1149 recte
812 1095 917 1167 postea
945 1090 1035 1149 missa
1064 1088 1149 1158 lecit,
1179 1108 1247 1149 nam
1276 1087 1369 1148 Vlixis

204 1189 294 1250 verba
319 1207 378 1249 non
406 1188 442 1250 ad
471 1190 568 1269 ipsius
601 1207 727 1268 regnum
756 1190 915 1250 relerenda
943 1208 1023 1257 esse,
1053 1190 1105 1250 sed
1133 1193 1164 1250 in
1193 1192 1369 1250 uuiversum

205 1293 285 1353 dicta
309 1291 396 1352 latius
418 1298 522 1371 patere
545 1293 730 1352 coniunctivi
752 1291 911 1351 manifesto
935 1298 1074 1370 arguunt.
1100 1291 1158 1351 Sed
1181 1291 1252 1370 quid
1276 1293 1367 1368 signi·

205 1396 273 1455 sicat
288 1396 346 1454 ista
359 1391 487 1454 durandi
502 1393 585 1453 notio
595 1393 631 1452 de
643 1392 811 1472 pecudibus
823 1391 921 1452 dictat
936 1393 1071 1452 Pecudes
1086 1400 1136 1452 aut
1148 1392 1261 1452 morbis
1275 1391 1384 1453 censis

206 1498 328 1556 ciuntur
350 1502 405 1556 aut
425 1513 441 1554 a
463 1496 537 1554 leris
559 1493 732 1555 lacerantur
754 1502 805 1554 aut
828 1492 864 1554 ab
880 1493 1053 1555 hominibus
1076 1494 1289 1555 comeduntur:
1314 1495 1368 1553 ita·

206 1617 263 1676 que
287 1599 313 1656 si
336 1597 367 1656 in
384 1604 562 1676 perpetuum
578 1595 687 1656 durant
710 1614 765 1656 nec
781 1612 905 1675 prorsus
917 1594 1035 1657 absumi
1059 1604 1109 1656 aut
1125 1595 1219 1657 deleri
1235 1602 1368 1674 possunt,

207 1699 235 1760 id
259 1697 347 1760 aliter
369 1698 435 1758 lieri
458 1716 517 1757 non
541 1703 654 1777 potest,
683 1716 772 1777 quam
794 1699 864 1777 quia
887 1699 993 1776 ingens
1015 1716 1118 1758 earum
1147 1707 1192 1757 est
1214 1715 1367 1757 numerus.

206 1799 304 1870 Quare
328 1801 419 1860 etiam
441 1799 516 1860 haec
539 1798 760 1877 interpretandi
787 1801 865 1860 ratio
894 1800 973 1859 redit
996 1799 1032 1859 ad
1060 1800 1212 1860 notionem
1240 1797 1368 1858 multi·

206 1900 371 1970 tudinis,
395 1918 484 1980 quarn
507 1899 621 1960 indicat
642 1896 770 1961 ἄεπετα.

290 2001 425 2081 [lenique
459 1999 678 2080 perlustremus
699 2000 843 2062 Vscbneri
878 2003 1060 2070 versionem,
1095 2003 1146 2081 qui
1179 1998 1300 2077 ἔμπεδα
1332 2000 1368 2060 de

205 2113 341 2184 tempore
365 2102 576 2163 adverbialiter
598 2103 729 2181 positum
744 2111 844 2182 putat,
869 2121 1047 2182 quamquam
1070 2102 1218 2163 llomerus
1241 2103 1285 2161 sic
1308 2103 1368 2161 sin·

205 2205 304 2283 gulari
327 2222 453 2265 numero
476 2206 520 2264 uti
543 2203 633 2272 solet,
658 2212 690 2264 ut
712 2202 736 2266 Ν
755 2201 813 2265 141
837 2201 857 2265 ὁ
880 2200 915 2266 δ’
937 2200 1108 2282 ἀεφαλέω(
1129 2200 1194 2267 θέει
1216 2201 1368 2282 ἔμπεδον,

204 2308 261 2369 clr.
284 2325 303 2369 ν
323 2301 364 2367 86
387 2312 418 2365 et
438 2303 471 2367 Π
495 2301 553 2364 107
577 2301 718 2381 ἔμπεδον
740 2302 818 2368 αἰέν.
854 2305 989 2366 Pecudes
1011 2306 1104 2382 igitur
1127 2305 1201 2366 dicit
1223 2311 1369 2384 perpetuo

205 2405 302 2488 pullos
324 2409 458 2485 gignere.
504 2407 592 2466 Esto:
635 2414 664 2467 at
687 2413 768 2466 certe
790 2425 851 2467 non
874 2409 993 2486 saepius
1020 2425 1109 2486 quam
1139 2405 1214 2468 aliae
1243 2405 1369 2467 aliarum

206 2519 358 2570 terrarum
380 2507 525 2588 pecudes
556 2507 607 2568 sed
636 2509 678 2568 ita
701 2517 734 2568 ut
757 2509 788 2567 in
817 2514 926 2568 natura
954 2526 1058 2568 earum
1087 2509 1179 2568 situm
1206 2515 1262 2568 est.
1306 2505 1369 2567 Hac

207 2619 306 2672 autem
329 2612 360 2670 in
375 2627 408 2669 re
432 2609 507 2670 nihil
530 2611 623 2678 inest,
638 2601 705 2689 'quo
727 2626 798 2677 rex,
826 2611 878 2688 qui
900 2615 1027 2688 propter
1055 2608 1229 2670 felicitatem
1258 2609 1370 2684 insigni

206 2711 293 2774 laude
316 2710 483 2779 extollitur,
507 2711 574 2772 aliis
590 2717 721 2789 praestet
744 2718 795 2771 aut
809 2710 932 2771 divitiae
955 2711 1020 2774 eius
1043 2709 1173 2770 dilucide
1197 2710 1369 2770 efferantur.

206 2814 239 2875 Si
271 2830 342 2873 vero
376 2797 555 2881 statuamus
588 2811 720 2892 pecudes
742 2818 889 2891 perpetuo
917 2813 1041 2889 gignere
1071 2813 1114 2871 sic
1143 2811 1219 2880 dici,
1248 2817 1281 2870 ut
1310 2829 1369 2870 non

205 2934 309 2976 omnes
331 2913 436 2974 eodem
457 2922 593 2992 tempore
614 2914 753 2990 gignant,
787 2914 838 2973 sed
873 2911 947 2974 aliae
970 2912 1043 2974 alias
1058 2914 1223 2991 excipiant,
1247 2929 1369 2972 necesse

205 3025 250 3077 est
273 3035 324 3077 eas
346 3015 552 3095 permultas
574 3032 649 3083 esse,
674 3021 706 3074 ut
722 3016 813 3074 etiam
829 3015 885 3075 bac
901 3017 947 3075 via
963 3015 1029 3093 ipso
1045 3016 1090 3075 rei
1106 3014 1198 3074 ductu
1214 3014 1369 3092 pervenia-

206 3137 271 3178 mus
294 3117 329 3177 ad
353 3116 433 3179 istud
456 3112 591 3202 ᾄεπετα,
613 3117 692 3201 quod
715 3135 804 3195 quam
826 3114 1019 3177 Homericum
1042 3118 1081 3176 sit
1103 3133 1251 3196 quamque
1273 3114 1369 3174 lelici·

206 3228 253 3280 ter
276 3239 292 3279 a
314 3219 431 3304 libiano
468 3221 668 3295 excogitatum
699 3217 743 3278 vel
776 3235 854 3278 riuus
887 3235 991 3277 versus
1025 3217 1112 3277 docet
1134 3214 1159 3278 Λ
1180 3212 1244 3276 245
1276 3211 1371 3288 αἶγα(

205 3317 287 3399 ὁμοῦ
310 3319 362 3382 καὶ
383 3315 448 3397 ὄϊς,
471 3316 510 3381 τά
533 3315 565 3380 οἱ
586 3302 712 3382 ὀὶεπετοιΙ
727 3316 946 3394 ποιμαίνοντο.
1042 3357 1044 3362 -
