3340 5164
313 859 402 918 dosin
425 859 529 920 καλῶ(
553 855 592 920 ἂν
615 855 685 933 ἔχοι
707 857 940 937 subaudiendam
969 875 1034 917 esse
1063 857 1152 926 dixit;
1181 875 1308 936 cumque
1330 874 1477 934 gramma·

314 963 392 1020 ticus
415 960 463 1019 hic
486 961 698 1036 sagacissimus
719 960 884 1020 rectissime
908 960 966 1018 iam
983 977 1048 1018 eam
1063 957 1224 1035 protulerit
1238 959 1476 1036 explicationem,

314 1080 389 1140 qnae
413 1059 682 1129 enuntiationibus,
706 1078 781 1139 quae
805 1066 937 1139 optatum
961 1061 1143 1136 significent,
1167 1058 1315 1138 plerisque
1339 1060 1478 1121 omnihus

314 1162 482 1223 adhihenda
506 1165 559 1233 sit,
583 1181 642 1222 non
665 1170 710 1222 est
726 1181 779 1223 eur
793 1163 945 1223 Rhianeae
969 1161 1108 1222 lectionis
1125 1160 1181 1220 hoc
1198 1161 1263 1221 loco
1278 1162 1477 1239 patrocinium

315 1265 521 1342 suscipiamus.

268 1349 312 1415 18
403 1363 526 1428 r331.
571 1366 686 1426 Aeneas
708 1383 775 1426 cum
789 1365 902 1426 Achille
915 1381 1092 1443 congressus
1108 1365 1172 1424 sine
1196 1363 1285 1424 dubio
1301 1364 1480 1426 interiectus

317 1474 409 1534 esset,
439 1468 497 1526 nisi
521 1465 677 1548 Neptunus
699 1466 821 1528 Achillis
848 1466 1002 1528 oculorum
1026 1467 1090 1528 acie
1114 1473 1270 1527 occaecata
1292 1465 1378 1526 illurn
1400 1464 1478 1527 celc-

318 1571 393 1628 riter
417 1571 448 1627 in
471 1569 561 1628 altum
591 1568 740 1629 sublatum
769 1568 929 1646 abegisset.
974 1568 1087 1628 Deinde
1117 1568 1189 1627 deus
1217 1567 1372 1628 audaciam
1399 1568 1481 1629 illius

316 1673 465 1746 vituperat
492 1672 579 1750 eique
601 1671 767 1741 dissuadet,
791 1689 827 1730 ne
850 1689 990 1750 umquam
1006 1688 1072 1732 cum
1088 1669 1201 1730 Achille
1224 1670 1333 1730 invicto
1356 1667 1481 1748 deisque

318 1773 473 1832 carissimo
495 1771 656 1849 confligere
685 1774 816 1833 animum
846 1772 976 1833 inducat.
1022 1772 1104 1832 Hanc
1134 1773 1300 1831 orationem
1329 1771 1482 1832 exorditur

317 1891 421 1933 versus
443 1873 492 1933 ille
515 1873 788 1953 frequentissimus:

445 1973 496 2036 καί
518 1993 569 2050 μιν
592 1973 744 2052 φωνήεαε
767 1972 847 2037 ἔπεα
868 1972 1044 2050 πτερόεντα
1066 1971 1242 2050 προεηύδα.

319 2075 418 2136 Schol.
435 2073 497 2138 καί
520 2094 581 2152 μιν
604 2074 808 2153 φωνήεαε·
831 2074 919 2152 παρὰ
933 2073 1110 2158 Ζηνοδότῳ
1126 2073 1188 2137 καί
1210 2094 1273 2152 μιν
1289 2073 1482 2145 νεικείων,

319 2175 406 2252 παρὰ
428 2175 543 2254 Ῥιανῷ
570 2176 639 2240 τὸν
667 2176 729 2239 καὶ
755 2175 947 2240 νεικείων.
971 2177 1004 2236 A.
1045 2177 1106 2238 Cir.
1136 2178 1225 2237 etiarn
1249 2177 1345 2237 Ceam.
1370 2176 1482 2238 Anecd.

319 2279 414 2338 Paris.
443 2277 483 2338 lll
511 2273 572 2337 291
605 2275 793 2354 Ζηνόδοτοε
825 2277 875 2341 καί
905 2297 957 2356 μιν
990 2277 1144 2341 νεικειίιιιν
1177 2279 1249 2354 ρεῑα
1281 2275 1396 2340 νόετον
1428 2276 1483 2355 (sic

319 2375 440 2456 taison)
464 2396 518 2455 pro
541 2376 666 2441 Ῥιανὸς
688 2378 756 2458 τὸν)
780 2378 831 2441 καὶ
853 2377 980 2441 νεικίων
1009 2377 1156 2457 προεέφη
1187 2379 1250 2439 cod.
1282 2379 1394 2440 Towril.
1440 2379 1482 2440 lle

320 2481 376 2541 hoc
410 2497 513 2546 versu,
547 2481 597 2556 qui
636 2488 742 2559 quater
775 2488 805 2541 et
841 2480 1019 2559 quadragies
1058 2479 1135 2557 apud
1168 2480 1330 2541 Homerum
1363 2481 1482 2558 legitur,

321 2582 376 2640 clr.
393 2580 560 2640 Classeni
578 2579 711 2641 libellum
728 2561 960 2657 pulcherrimum
973 2579 1237 2658 ‘Beobachtungcn
1254 2580 1331 2642 dher
1347 2581 1376 2641 d.
1394 2580 1482 2642 Hom.

322 2681 612 2760 Sprachgehrauch',
632 2681 684 2742 uhi
695 2700 725 2759 p.
741 2680 871 2762 lilsqq.
890 2682 1024 2760 exempla
1037 2683 1134 2742 omnia
1151 2682 1273 2744 collecta
1286 2693 1316 2744 et
1330 2680 1484 2760 φοινήεαε

322 2784 473 2860 participii
488 2785 734 2861 significationem
745 2783 918 2844 luculenter
934 2785 1098 2861 expositam
1114 2785 1255 2845 invenies.
1286 2783 1368 2845 Nihil
1384 2791 1483 2846 aulem

322 2885 502 2959 evidentius,
538 2904 625 2964 quam
661 2885 808 2945 Rhianum
842 2903 1020 2963 praegresso
1047 2884 1211 2956 Zenodoto,
1246 2888 1299 2966 qni
1326 2887 1484 2948 lectionem

324 3037 522 3045 ..-—-—-....-.

388 3137 432 3200 40)
452 3132 544 3188 Schol.
563 3135 581 3200 ἡ
600 3137 699 3202 διπλῆ,
719 3136 763 3188 ὅτι
780 3135 886 3189 ἔξωθεν
904 3135 1170 3200 προεοπακουετέον
1190 3135 1225 3188 τὸ
1248 3138 1342 3190 καλῶς
1361 3138 1395 3189 ἂν
1414 3137 1484 3203 ἔχοι·

322 3219 347 3272 εἰ
365 3219 455 3272 αὐτὸν
473 3218 626 3273 ἀνελόντεε
644 3219 842 3287 ἀεικιεαίμεθα,
862 3221 956 3272 καλῶ(
975 3221 1010 3271 ἂν
1028 3219 1094 3283 ἔχοι.
1124 3221 1170 3272 καί
1188 3220 1219 3273 ἐν
1239 3221 1379 3290 Ὀδυεεείᾳ
1397 3221 1485 3288 «ἀτὰρ

322 3301 458 3357 πελέκεάε
476 3319 508 3366 γε
527 3303 572 3355 καί
591 3303 615 3356 εἴ
633 3305 663 3356 κ’
689 3302 792 3369 εἰῶμεν
811 3304 939 3356 dedocet
966 3304 1108 3368 ἑετάμεν.»
1135 3303 1167 3357 A.
1196 3302 1309 3371 (Versus
1326 3305 1369 3357 est
1387 3321 1409 3371 φ
1426 3311 1485 3372 260,

323 3403 406 3456 quem
424 3384 596 3439 Aristonicus
615 3403 665 3439 suo
684 3385 775 3440 Marte
793 3386 904 3441 videtur
922 3385 1074 3453 addidisse;
1093 3385 1142 3441 sed
1154 3386 1237 3455 paulo
1256 3386 1358 3442 diversi
1374 3389 1485 3456 generis

323 3473 383 3540 est).
418 3470 547 3524 Alterum
564 3469 688 3524 scholion
706 3471 762 3524 esi:
788 3470 812 3524 el
830 3471 893 3524 ἀντὶ
915 3475 967 3524 τοῦ
991 3471 1057 3524 εἴθε.
1087 3471 1266 3538 Ἀρίεταρχόε
1289 3489 1355 3540 φηει
1378 3471 1485 3527 λείπειν

322 3557 357 3609 τὸ
376 3559 469 3611 καλῶ(
488 3556 523 3608 ἂν
541 3556 661 3620 γένοιτο.
679 3554 713 3608 V.
732 3553 799 3620 Veri
816 3553 905 3608 simile
922 3553 1010 3622 igitur
1027 3555 1220 3609 Aristarchum
1238 3556 1335 3611 eontra
1346 3555 1485 3611 Rhianum

322 3640 375 3694 hoc
392 3641 453 3693 loco
473 3639 567 3708 diplen
584 3638 719 3709 posuisse.

390 3727 434 3790 41)
451 3724 553 3778 Rhiani
570 3741 672 3779 nomen
688 3724 718 3777 in
736 3725 816 3780 codd.
835 3725 962 3778 veterum
980 3724 1146 3793 scriptorum
1168 3724 1279 3794 saepius
1303 3723 1486 3794 depravatum

324 3823 384 3862 esse
403 3805 510 3860 Saalius
528 3808 546 3861 l.
564 3808 582 3861 l.
599 3826 627 3877 p.
648 3815 679 3862 10
697 3809 726 3862 et
743 3807 897 3862 Meinekins
918 3807 936 3863 l.
959 3809 977 3862 l.
1000 3826 1027 3878 p.
1047 3813 1097 3863 205
1115 3810 1144 3862 et
1161 3814 1210 3862 206
1232 3809 1371 3863 nonnullis
1394 3825 1486 3864 exem-

323 3892 376 3962 plis
394 3891 663 3946 demonstraverunt.
687 3890 839 3945 Eiusmodi
858 3893 1050 3962 corruptiones
1064 3892 1148 3946 eiiam
1165 3891 1194 3946 in
1213 3893 1322 3947 scholiis
1332 3892 1486 3948 Homericis

323 3994 379 4032 non
397 3990 461 4030 raro
480 3975 721 4044 deprehendimus,
747 3993 813 4031 nem
844 3976 873 4030 in
899 3976 1020 4033 editione
1043 3977 1235 4046 Dindorfiana‚
1263 3994 1334 4045 quae
1361 3977 1487 4034 comeum

222 4104 224 4109 .
323 4061 463 4117 variantes
482 4061 633 4129 scripturas
651 4060 680 4114 in
698 4061 824 4132 margine
843 4062 991 4132 adnotatas
1010 4061 1136 4128 exhibet,
1159 4063 1229 4116 haec
1251 4062 1364 4117 nomina
1384 4060 1486 4130 inveni,

323 4148 351 4201 in
370 4162 441 4216 quae
468 4146 575 4199 Ῥιιινὸε
601 4161 750 4214 perperam
776 4146 1007 4200 transformatum
1033 4149 1087 4201 est:
1114 4147 1226 4215 ἀριιινὸε
1253 4151 1406 4216 reddiit.
1428 4153 1487 4205 279.

324 4238 400 4296 γ24.
418 4234 433 4286 δ
453 4235 492 4283 12.
519 4235 607 4296 ι491;
634 4230 763 4298 ἀρειανόε
788 4236 881 4296 γ178.
899 4233 914 4284 h
935 4237 991 4286 158.
1012 4247 1024 4286 e
1044 4237 1106 4297 393;
1133 4233 1247 4300 ἠριανόε
1271 4236 1365 4298 ε296ς
1392 4232 1486 4300 ἄρινοε

325 4333 343 4370 α
360 4322 400 4371 95.

314 571 385 614 usus
407 561 467 622 est,
492 569 560 612 cum
583 558 703 630 praeter
725 553 859 628 exempla
883 553 940 611 tria
956 550 1043 610 modo
1066 550 1149 611 allata
1174 549 1253 611 nulla
1276 553 1475 612 inveniantur.
1657 544 1660 560 ¹

313 654 395 714 lianc
417 655 508 715 luisse
531 653 640 714 Rhiani
664 653 857 713 offensionem
881 654 967 714 etiam
997 654 1052 713 hoc
1081 659 1126 712 est
1152 655 1361 731 gravissimum
1390 671 1477 730 argu·

313 763 460 825 mentum,
484 755 562 835 quod
586 756 777 816 Aristarchus
798 756 869 816 huic
891 757 990 815 versui
1020 751 1162 834 diplen⁴⁰t
1194 757 1332 834 ascripsit
1354 762 1385 815 et
1406 772 1476 832 apo·

1661 4773 1662 4810 l
