3340 5164
695 384 845 480 -.-5,9-..

190 571 293 638 velim,
317 571 400 632 illum
423 590 480 632 non
504 579 618 632 temere
647 572 677 631 id
701 575 854 647 statuisse,
884 572 936 632 sed
964 573 1200 634 emendationem
1230 577 1294 634 eius
1317 593 1353 633 ex

189 680 327 734 accurata
351 681 382 734 et
404 680 516 734 attenta
539 677 704 735 manavisse
727 674 844 734 dialecti
867 675 969 754 epicae
999 673 1219 735 observatione.
1258 677 1352 754 Atque

188 774 265 834 hanc
288 774 326 834 oh
349 792 467 834 causam
491 774 562 835 illud
585 772 717 852 ἄμεινον
740 773 935 855 ἐγέγραπτο,
965 776 1043 855 quod
1066 776 1199 836 scholion
1220 775 1351 855 exhibet,

188 877 266 937 haud
290 879 353 938 scio
376 895 413 936 an
436 876 472 937 ad
495 877 658 938 Aristarchi
682 880 887 938 auctoritatem
910 877 1107 938 revocandum
1130 880 1178 937 sit.

275 973 386 1056 β152.
430 977 465 1038 ln
492 980 630 1039 contione
659 977 871 1047 lthacensium,
906 980 976 1039 dum
1004 979 1199 1040 Telemachus
1226 985 1256 1038 et
1282 974 1402 1057 pro-23

188 1097 291 1139 corum
313 1077 465 1158 principes
495 1081 576 1140 inter
602 1097 634 1140 se
657 1079 854 1150 altercantur,
882 1081 1011 1160 Iupiter,
1040 1088 1073 1141 ut
1094 1079 1263 1141 Telemachi
1285 1099 1351 1140 ora-

189 1183 264 1242 tioni
292 1182 389 1242 fausto
424 1183 523 1242 omine
552 1188 663 1242 annuat
690 1183 851 1262 precisque
885 1183 1050 1260 perniciem
1078 1181 1249 1261 portendat,
1279 1180 1353 1242 duas

188 1282 302 1362 aquilas
330 1285 438 1352 mittit,
467 1301 543 1362 quae
573 1301 664 1361 super
687 1284 856 1344 contionem
879 1282 1032 1362 paulisper
1061 1291 1194 1344 versatae
1217 1282 1351 1344 dextror-

188 1402 255 1445 sum
276 1384 408 1445 avolant:

315 1484 349 1548 έε
372 1483 405 1548 δ’
428 1483 533 1562 ἰδέτην
555 1482 687 1552 πάντων
710 1482 870 1565 κεφαλάς,
893 1483 1030 1549 decorae
1052 1485 1086 1549 δ’
1108 1483 1246 1562 ὄλεθρον

316 1585 513 1664 δρυψαμένω
537 1585 570 1649 δ’
592 1583 736 1664 ὀνύχεειι
758 1587 892 1663 παρειὰς
914 1583 995 1666 ἀμφί
1016 1606 1050 1650 τε
1073 1585 1180 1664 δειρὰς

316 1686 407 1751 δεξιὼ
430 1687 519 1764 ἤιξαν
542 1686 595 1751 διά
616 1686 648 1750 τ’
671 1686 753 1751 οἰκία
775 1687 825 1751 καὶ
846 1687 941 1751 πόλιν
965 1686 1081 1752 αὐτῶν.

190 1790 289 1850 Schol.
313 1787 497 1852 dccovro·
526 1787 561 1852 έν
583 1793 620 1870 τῇ
649 1787 777 1852 Ῥιανοῦ
805 1787 960 1865 decoro,
989 1787 1062 1853 ἀντὶ
1090 1792 1149 1854 τοῦ
1177 1786 1273 1853 dcccv
1301 1788 1353 1852 καὶ

189 1889 329 1969 κληδόνα
351 1888 493 1953 ἐποίουν.
516 1890 552 1951 Η.
576 1891 619 1951 lle
640 1890 724 1950 verhi
747 1887 889 1953 ὄεεεεθαι
915 1894 1031 1970 origine
1060 1898 1090 1952 et
1112 1909 1181 1952 vera
1205 1893 1352 1969 significa·

188 1996 270 2054 tione
291 2012 351 2054 non
374 2012 449 2072 opus
478 2000 523 2054 est
545 1992 713 2071 disputare,
743 2011 810 2053 cum
837 1995 896 2053 iam
919 1993 956 2054 ah
979 1993 1152 2054 Aristarcho
1178 2003 1260 2054 recte
1284 2011 1352 2072 per·

190 2101 324 2174 spectum
358 2095 398 2154 sit
439 2093 469 2154 id
502 2111 561 2153 non
596 2092 763 2154 ducendum
803 2112 868 2154 esse
903 2094 940 2154 ah
978 2091 1069 2170 dccc,
1106 2102 1139 2155 ut
1171 2096 1354 2172 significaret

190 2199 291 2258 dicere
313 2195 359 2256 vel
382 2197 546 2270 augurari,
570 2194 622 2255 sed
645 2192 682 2255 ab
705 2195 799 2255 oculis
822 2191 912 2275 (ὄιεε)
937 2198 1038 2274 potius
1060 2203 1092 2256 et
1112 2195 1246 2257 indicare
1260 2199 1354 2257 ecelis

190 2299 292 2360 videre
316 2309 346 2358 et
368 2314 422 2376 per
437 2295 660 2358 translationem
676 2298 776 2356 animo
798 2298 915 2359 redere:
937 2316 964 2358 v.
979 2296 1137 2358 Lehrsium
1155 2299 1245 2358 Arist.
1262 2297 1309 2358 ed.
1326 2297 1352 2357 ll

190 2421 219 2480 p.
248 2395 304 2467 87;
342 2406 497 2478 praeterea
540 2399 595 2458 cfr.
633 2396 831 2459 Buttmannus
868 2399 946 2459 lexll.
976 2399 987 2458 l
1024 2418 1054 2478 p.
1083 2396 1141 2470 21,
1185 2399 1353 2461 Lobcclxius

191 2501 317 2562 rhemat.
346 2519 376 2580 p.
400 2496 477 2569 257,
507 2501 559 2579 qui
583 2506 682 2560 tamen
711 2500 867 2578 utriusque
891 2500 1025 2561 vocabuli
1054 2503 1203 2581 principia
1226 2519 1285 2561 non
1308 2501 1352 2560 di·

191 2621 275 2663 versa
297 2603 389 2663 luisse
417 2607 516 2680 putat,
551 2600 584 2662 G.
613 2601 733 2662 Curtius
761 2609 851 2681 etym.
880 2618 978 2679 graec.
1006 2622 1056 2682 pp.
1078 2599 1150 2664 407.
1174 2599 1246 2664 607.
1290 2602 1353 2661 Ηοο

189 2705 255 2765 Ιοαο
282 2701 410 2763 maxime
440 2704 565 2763 interest
593 2720 715 2772 eruere,
745 2703 816 2781 quid
845 2702 993 2762 Rhianum
1021 2703 1195 2771 offenderit,
1225 2711 1258 2763 ut
1282 2702 1353 2763 inde

190 2805 260 2885 quid
285 2804 440 2882 scripserit
462 2801 657 2863 coniciamus:
687 2821 756 2863 nam
779 2803 857 2880 qued
880 2802 1022 2864 traditum
1045 2812 1090 2864 est
1117 2801 1227 2867 ἔεεατο
1255 2803 1353 2865 labem

190 2906 374 2966 contraxisse
398 2912 428 2964 et
449 2923 503 2983 per
530 2923 562 2964 se
591 2912 674 2984 patet
701 2912 730 2965 et
753 2904 863 2965 dudum
892 2904 1076 2966 intellectum
1103 2914 1156 2970 est.
1199 2906 1259 2966 lam
1282 2925 1353 2966 vero

191 3010 303 3070 scimus
318 3005 408 3067 fuisse
424 3007 476 3086 qui
492 3002 633 3069 ὄεεεεθαι
656 3006 693 3067 ah
715 3004 792 3068 ecca
814 3005 984 3067 derivarent
1006 3026 1100 3087 eoque
1125 3026 1228 3068 errore
1251 3009 1351 3069 effice·

190 3116 272 3180 rent,
306 3117 340 3169 ut
367 3108 555 3169 Aristarchus
582 3110 742 3186 genuinam
774 3110 919 3186 originem
948 3111 1014 3170 eius
1041 3108 1125 3169 verbi
1155 3111 1351 3188 patefaceret:

190 3230 250 3292 quo
276 3213 309 3272 in
337 3228 462 3271 numero
489 3216 589 3288 potest
614 3209 748 3271 Rhianus
775 3212 868 3271 fuisse
891 3209 1001 3280 videri,
1035 3228 1104 3270 cum
1131 3210 1221 3271 lectio
1250 3210 1286 3272 ah
1318 3229 1353 3270 eo

191 3313 351 3374 substituta
373 3310 498 3391 Didymo
520 3312 686 3390 interprete
708 3311 787 3372 idem
803 3311 898 3372 valeat
913 3319 1000 3391 atque
1022 3306 1119 3375 dcccv
1141 3311 1193 3375 καὶ
1213 3309 1354 3389 κληδόνα

191 3411 336 3478 ἐποίουν.
382 3412 439 3474 Sed
475 3431 542 3472 cum
575 3412 661 3474 verbi
700 3407 855 3492 ὄαειθαι,
892 3415 978 3472 cuius
1010 3420 1130 3492 praeter
1162 3415 1353 3492 participium

191 3517 359 3597 praesentis
393 3513 426 3594 (Α
450 3510 521 3575 105.
555 3510 657 3575 Ξ17.
692 3510 812 3576 12172.
850 3510 964 3575 α115.
996 3511 1087 3593 υ81)
1123 3521 1152 3575 et
1184 3515 1354 3593 imperfecti

190 3619 302 3679 formas
324 3613 444 3694 (ὄιεετο
467 3635 486 3677 κ
506 3612 577 3677 374.
601 3635 617 3679 c
641 3611 700 3676 153
725 3623 755 3676 et
776 3612 909 3678 dctovro
938 3613 960 3676 C
980 3611 1053 3675 224.
1078 3617 1094 3692 β
1119 3611 1188 3693 152)
1219 3622 1354 3694 tempora

191 3719 308 3798 reliqua
336 3716 372 3777 ab
401 3716 531 3776 Homero
557 3734 617 3777 non
645 3724 788 3797 usurpata
816 3724 898 3786 sunt,
934 3716 1021 3777 aliam
1050 3717 1192 3786 formam,
1221 3735 1296 3796 quae
1325 3725 1356 3778 et

192 3821 359 3882 sententiae
387 3826 418 3878 et
444 3825 539 3879 metro
562 3819 763 3888 satisfaceret,
792 3817 904 3896 eligere
927 3837 987 3879 non
1014 3826 1130 3899 posset,
1160 3816 1259 3878 simile
1289 3836 1353 3878 ver·

192 3923 263 3984 hum
286 3920 381 3989 aliud,
405 3919 484 3999 quod
507 3937 590 3980 suam
613 3937 680 3980 cum
709 3915 787 3983 dcco
809 3921 985 3981 affinitatem
1015 3927 1045 3980 et
1067 3921 1315 3997 significationem
1338 3938 1353 3980 a

192 4023 317 4102 llidymo
340 4020 517 4100 explicatam
539 4027 642 4100 aperte
666 4020 846 4090 declararet,
876 4021 913 4081 ah
943 4040 978 4080 eo
1005 4023 1135 4100 positum
1158 4037 1223 4081 esse
1245 4019 1353 4100 proha·

192 4124 253 4186 hile
275 4130 329 4183 est.
373 4124 468 4201 Atque
491 4122 546 4183 hoc
569 4121 689 4201 quidem
713 4121 826 4182 Porsen
849 4124 979 4183 coniecit
993 4119 1128 4185 ὄααντο
1145 4140 1225 4192 esse,
1249 4121 1353 4181 suffra-

192 4232 280 4305 gante
308 4224 403 4284 Maur.
432 4222 611 4292 Schmidtio,
645 4225 696 4302 qui
733 4225 764 4283 in
793 4223 980 4284 Fleckeiseni
1013 4223 1110 4284 annal.
1142 4218 1223 4283 1856
1255 4241 1284 4301 p.
1314 4218 1355 4282 95

192 4326 335 4388 Personis
357 4323 595 4386 emendationem
617 4323 755 4406 probavit
782 4330 812 4384 et
834 4324 868 4384 ad
892 4325 968 4384 hanc
990 4324 1153 4386 Rhianeam
1176 4325 1354 4404 scripturam
