3340 5164
745 395 785 456 te

181 582 295 640 intrare
319 581 503 656 cogitemus,
527 579 578 639 sed
602 579 676 640 haec
699 582 776 640 ratio
798 580 835 641 ab
858 581 914 641 hoc
937 579 1004 641 loco
1026 580 1112 659 plane
1134 580 1287 642 abhorret.
1310 581 1348 641 Et

180 681 237 740 hoc
265 699 382 760 quoque
415 681 490 739 ferri
522 682 629 759 possit,
664 683 689 740 si
718 681 798 741 dicas
825 679 873 744 bic
900 679 1013 744 τόεεον
1041 679 1132 744 ἁλὸς
1154 680 1348 758 πρήεεοντε(

180 779 321 860 ἀπῆμεν,
351 790 384 842 ut
406 783 444 840 sit
466 781 587 859 duplum
610 783 737 858 spatium
766 784 858 844 maris
881 784 942 843 sive
970 785 1029 843 iter
1057 781 1163 860 duplae
1187 781 1346 860 longitudi-

180 885 244 954 nis;
268 883 319 943 sed
335 885 431 960 ipsum
454 899 539 942 more
556 885 706 958 poricere
728 891 810 944 recte
834 884 893 943 dici
916 884 994 945 haud
1018 885 1228 944 concesserim.
1273 884 1346 945 Nam

181 998 213 1045 ιιι
235 984 373 1050 alierum,
402 1001 478 1062 quae
501 993 656 1060 praeterea
679 984 779 1044 ailerri
801 993 943 1062 possunt,
975 984 998 1046 Β
1021 980 1083 1046 785
1105 991 1135 1044 et
1159 983 1178 1044 Γ
1202 980 1242 1045 14
1263 983 1347 1060 μάλα

181 1085 216 1148 δ’
238 1083 305 1147 ὦκα
326 1083 515 1160 διέπρηεεον
530 1083 672 1166 πεδίοιο,
695 1081 803 1147 Ψ364
818 1083 848 1148 οἱ
870 1085 903 1148 δ’
926 1083 993 1147 ὦκα
1008 1085 1195 1163 διέπρηεεον
1210 1084 1347 1166 πεδίοιο,

181 1207 216 1248 ex
239 1187 287 1248 his
310 1187 452 1265 praesidii
477 1186 551 1247 nihil
572 1188 677 1266 quaeri
698 1193 811 1264 potest,
836 1187 1060 1267 primumquod
1077 1206 1137 1248 nou
1162 1193 1347 1250 accusativus

181 1289 284 1350 localis
312 1307 399 1368 quem
428 1295 535 1348 vocant
562 1290 676 1366 positus
705 1297 750 1347 est
779 1288 842 1364 (cir.
869 1288 1040 1366 llruegerus
1063 1307 1107 1367 gr.
1131 1307 1176 1367 gr.
1199 1288 1225 1349 ll
1249 1286 1272 1366 S
1295 1285 1345 1359 46,

183 1389 211 1460 1,
234 1388 275 1471 2),
300 1390 406 1450 deinde
430 1389 510 1468 quod
540 1389 589 1450 illa
619 1391 699 1449 notio
722 1407 753 1448 se
778 1390 914 1450 movendi
943 1389 989 1450 vel
1016 1390 1229 1468 percurrendi,
1259 1406 1346 1466 quam

181 1491 402 1559 desideramus,
427 1507 487 1550 non
511 1490 603 1550 verbo
626 1491 770 1568 simplici,
800 1491 850 1550 sed
879 1494 1101 1570 praepositione
1130 1489 1181 1553 διά
1204 1467 1346 1569 exprimi-

154 1583 245 1664 ‘tur;
269 1595 368 1653 omnia
393 1599 489 1652 autem
514 1592 603 1652 verba
627 1612 643 1654 a
666 1591 822 1670 Kruegero
845 1592 865 1652 l.
888 1593 907 1652 l.
937 1591 1059 1653 collecta
1089 1601 1226 1654 motum
1254 1595 1346 1670 signi-

179 1697 269 1756 ficant
290 1701 410 1772 praeter
438 1693 608 1756 λιλαίεεθαι
636 1711 656 1754 α
679 1690 741 1755 315
763 1701 793 1754 et
823 1693 967 1757 ἔλδεεθαι
995 1692 1025 1755 Ψ
1050 1690 1124 1765 122,
1153 1711 1229 1773 quae
1259 1695 1345 1754 aliam

180 1796 291 1856 hahent
318 1798 449 1872 genetivi
477 1797 639 1865 rationem,
675 1804 705 1856 et
732 1794 879 1872 norietur
915 1792 1025 1876 docio,
1059 1812 1147 1874 quem
1176 1797 1345 1871 genetivum

181 1915 271 1976 supra
308 1896 529 1974 explicavimus,
579 1894 766 1975 Quapropter
800 1897 855 1957 hac
891 1897 1063 1957 Buttmanni
1099 1897 1345 1976 interpretatione

180 1998 255 2059 nihil
281 1999 385 2076 profici
414 2015 482 2057 curn
510 1997 679 2058 luculenter
700 2006 872 2074 appareret,
907 1999 1086 2057 contrariam
1115 1998 1178 2057 lere
1208 1999 1283 2058 viam
1312 2016 1346 2057 ac

180 2102 326 2160 rationem
350 2100 419 2158 iniit
445 2097 696 2158 Doederlinus
724 2099 814 2176 gloss.
836 2098 864 2159 ll
892 2116 923 2176 p.
948 2095 1009 2159 133
1031 2117 1060 2158 n.
1083 2094 1143 2159 621
1172 2100 1347 2176 perficiendi

181 2202 332 2262 notionem
370 2218 429 2260 non
466 2201 661 2277 primitivam,
699 2200 751 2260 sed
778 2199 941 2260 derivatam
971 2201 1070 2276 potius
1097 2201 1346 2277 significationem

181 2302 264 2364 verbi
287 2301 434 2378 πρήεεειν
458 2319 523 2362 esse
546 2309 643 2368 ratus:
666 2302 842 2362 intensivam
865 2303 946 2362 enim
969 2300 1053 2361 verbi
1080 2298 1191 2378 περὰω
1219 2301 1345 2364 lormam

181 2406 256 2466 dicit
283 2401 448 2480 περάεεειν
484 2404 546 2463 sive
579 2401 727 2480 concretu
761 2421 825 2463 esse
859 2421 894 2464 ac
926 2405 1048 2482 proprie
1076 2403 1175 2464 valere
1204 2404 1234 2464 id
1267 2404 1345 2484 quod

182 2505 419 2574 ‘durchbohrem
450 2504 731 2574 durchschneiden’,
765 2510 799 2563 ut
825 2500 888 2567 ἅλα
916 2503 1110 2582 πρήεεοντεε
1138 2503 1216 2566 idem
1246 2508 1285 2565 sit
1312 2524 1346 2565 ac

181 2606 302 2685 κύματα
324 2604 491 2682 πείροντες
512 2613 543 2665 et
557 2603 715 2667 θάλαεεαν
731 2608 904 2683 περῶντες.
935 2606 1019 2675 Quod
1035 2608 1184 2668 Ameisius
1199 2625 1346 2668 consensu

181 2729 236 2771 suo
259 2708 407 2787 probavit.
453 2707 542 2778 Esto;
566 2715 595 2768 at
617 2725 724 2768 vereor
747 2708 901 2786 equidem,
925 2725 963 2767 ne
986 2709 1032 2766 vir
1055 2707 1243 2769 doctissimus
1265 2715 1346 2769 tran·

181 2815 271 2872 situm
295 2809 353 2871 sibi
380 2809 564 2870 obstruxerit
593 2809 629 2869 ad
659 2809 891 2886 significationes
918 2825 992 2888 quas
1018 2827 1158 2869 vocamus
1186 2810 1345 2870 derivatas,

181 2913 238 2983 Qui
260 2913 306 2983 fit,
331 2918 364 2972 ut
386 2910 509 2972 verbum
533 2909 626 2980 istud,
657 2910 734 2989 quod
758 2910 794 2970 de
818 2928 947 2989 aequore
970 2910 1098 2972 secando
1122 2913 1244 2990 proprie
1267 2911 1346 2971 dica·

182 3023 244 3084 tur,
267 3013 440 3092 perficiendi
463 3014 614 3073 notionem
637 3012 786 3074 assumat?
810 3009 1012 3088 Intellegimus
1035 3029 1105 3073 sane
1126 3012 1197 3091 quid
1220 3014 1259 3072 sit
1280 3012 1347 3073 δια-

181 3115 328 3193 πρήεεειν
350 3113 492 3193 πεδίοιο,
515 3133 582 3175 cum
604 3113 682 3193 quod
704 3116 827 3191 proprie
851 3114 886 3174 ad
909 3131 991 3175 mare
1014 3116 1177 3191 pertineat,
1206 3112 1346 3174 translate

180 3219 270 3280 etiam
293 3217 329 3277 de
352 3223 434 3277 terra
456 3216 515 3276 dici
536 3219 644 3294 possit,
669 3216 721 3276 sed
742 3213 891 3293 πρήεεειν
919 3214 1072 3278 κέλευθον
1100 3215 1147 3275 vel
1168 3213 1264 3277 ὁδοῖο
1287 3233 1346 3295 quo

180 3318 270 3381 modo
292 3318 425 3378 indicare
447 3318 544 3397 possit
565 3321 622 3377 iter
637 3320 803 3396 perficere,
834 3316 955 3379 dilticile
984 3324 1029 3377 est
1050 3316 1218 3386 intellectu,
1243 3317 1347 3377 diltici·

179 3423 239 3484 lius
261 3423 351 3482 etiam
366 3418 516 3498 πρήεεειν
531 3415 628 3495 ἔργον
650 3437 679 3480 τι
686 3465 695 3500 ,
724 3420 773 3480 cui
796 3437 861 3479 cum
886 3418 1006 3479 secandi
1028 3420 1152 3480 notione
1175 3416 1286 3478 nullum
1302 3425 1347 3478 est

181 3525 377 3584 consortium.
423 3521 473 3581 Sic
495 3522 589 3599 igitur
610 3540 661 3582 res
682 3539 713 3582 se
736 3520 839 3581 hahet:
864 3520 1037 3582 Buttmauni
1059 3521 1136 3580 ratio
1159 3521 1266 3580 ceteris
1281 3537 1346 3578 ver-

182 3624 266 3687 sibus
289 3621 473 3704 explicandis
496 3622 602 3683 idonea
626 3629 687 3692 est,
711 3622 782 3683 huic
804 3623 856 3683 uni
879 3638 889 3680 t
911 3617 974 3680 491
997 3618 1060 3682 ἅλα
1075 3619 1272 3697 πρήεεοντεε
1294 3621 1345 3680 avl-

180 3727 280 3788 hiberi
303 3745 362 3786 non
384 3731 497 3802 potest;
521 3723 718 3784 lloederlinus
738 3724 818 3784 hunc
840 3741 934 3783 unum
962 3739 1079 3782 versum
1108 3723 1179 3782 satis
1207 3723 1293 3784 lacile
1317 3730 1348 3782 et

181 3828 336 3889 commode
359 3826 491 3903 expedit,
515 3833 632 3886 ceteros
653 3826 832 3885 lereomnes
854 3833 884 3886 et
903 3826 1075 3884 universum
1092 3822 1175 3884 verbi
1197 3821 1346 3902 πράεεειν

181 3949 284 3999 usum,
318 3930 368 4008 qui
395 3935 498 4005 postea
526 3927 665 3996 invaluit,
701 3927 745 3987 vel
768 3928 904 3988 artificiis
925 3925 1141 4003 interpretandi
1164 3945 1235 3986 usus
1257 3943 1346 4004 aegre

181 4032 331 4109 explicare
354 4037 462 4108 potest.
497 4028 539 4089 Ac
562 4029 678 4090 videtur
698 4028 776 4088 Hanc
797 4029 975 4106 primitivam
997 4028 1243 4106 significationem
1265 4027 1346 4088 nullo

182 4133 239 4194 alio
262 4132 389 4194 consilio
405 4131 617 4208 excogitavissc
640 4130 697 4190 nisi
712 4136 744 4190 ut
771 4131 822 4190 uni
845 4123 942 4192 versui
973 4147 1036 4190 eam
1067 4127 1239 4195 adhiberet;
1259 4137 1345 4208 ¹certe

180 4237 239 4295 nisi
260 4236 286 4294 is
308 4239 453 4302 exstaret,
478 4233 524 4291 vix
546 4250 610 4292 cam
634 4231 758 4292 ficturus
780 4233 874 4293 luisse
895 4230 1043 4308 putandus
1066 4240 1121 4291 est.
1166 4229 1286 4291 Cautius
1309 4231 1345 4290 de

180 4337 238 4398 hac
263 4354 298 4395 re
326 4337 386 4412 agit
414 4335 448 4396 G.
472 4334 625 4396 Curtius
652 4339 741 4412 etym.
772 4350 818 4410 gr.
847 4349 877 4411 p.
899 4327 962 4392 246
990 4348 1020 4392 ιι.
1048 4327 1126 4399 358,
1155 4332 1206 4410 qui
1234 4329 1345 4407 περάω
