3340 5164
860 359 899 423 12

300 585 337 594 -
367 559 399 611 ut
426 552 565 612 lleinelrii
596 552 685 612 verba
714 552 834 614 aiteram
864 587 903 595 -
932 553 1016 612 ‘cum
1052 554 1119 612 eius
1147 551 1242 612 studia
1270 556 1460 631 grammatica

272 657 275 664 '
299 654 424 714 maxime
453 654 488 713 ad
518 655 611 714 crisin
640 656 807 714 carminum
836 649 1063 714 Homericorum
1091 655 1291 733 pertinerent,
1321 675 1379 716 non
1407 676 1474 736 po-·

297 756 353 815 tuit
375 755 431 815 alio
454 755 541 815 lacile
572 755 636 816 loco
665 774 698 816 ea
728 755 783 815 sibi
806 774 980 835 comparare
1008 755 1139 816 subsidia
1167 756 1319 816 doctrinae
1348 759 1460 818 studio-

299 875 425 938 rumque
448 856 641 926 adminicula,
671 875 746 937 quae
777 859 832 917 nisi
861 876 928 918 eum
957 857 1108 918 veteribus
1137 858 1279 938 exemplis
1302 861 1461 920 temerario

297 960 424 1038 quodam
448 959 572 1019 arbitrIo
593 959 624 1018 in
642 958 771 1019 Homero
795 951 960 1036 grassatum
983 974 1047 1020 esse
1071 959 1188 1030 credas,
1212 979 1334 1039 prorsus
1356 979 1460 1022 neces-

297 1064 376 1122 saria
405 1066 504 1121 sunt'.
549 1060 652 1140 Neque
682 1078 751 1120 vero
781 1062 810 1120 in
839 1061 969 1121 editione
998 1060 1131 1122 iacienda
1159 1079 1226 1121 eum
1256 1063 1309 1123 soli
1338 1062 1460 1124 arbitrio
1519 1099 1522 1102 -

297 1183 350 1225 suo
373 1163 546 1233 indulsisse,
570 1163 650 1223 nullo
673 1161 803 1222 adhibito
819 1170 962 1243 apparatu
979 1164 1097 1237 critico,
1123 1163 1174 1224 sed
1198 1163 1296 1242 potius
1318 1171 1363 1224 sat
1386 1165 1460 1224 mul·

297 1273 341 1327 tas
364 1264 508 1326 editiones
530 1271 646 1324 veteres
668 1264 831 1342 inspexisse
860 1264 966 1334 videri,
995 1265 1071 1324 inlra
1100 1264 1222 1324 uberius
1245 1264 1460 1326 demonstrabi-

300 1376 357 1427 tur.
381 1365 474 1436 Quam
497 1367 657 1427 editionem
681 1366 705 1424 si
728 1367 758 1425 ln
782 1367 1025 1454 CretaUIecisset,
1056 1385 1114 1426 non
1138 1364 1344 1427 Alexandriam
1374 1386 1408 1427 ea
1430 1369 1459 1428 in

298 1488 403 1530 nranus
418 1467 631 1547 Aristophanis,
650 1467 827 1536 Aristarchi,
844 1465 969 1528 aliorum
983 1468 1243 1545 grammaticorum
1253 1469 1391 1538 venisset,
1408 1469 1458 1530 sed

297 1571 452 1630 Homerica
469 1570 532 1630 eius
548 1568 644 1628 studia
661 1569 762 1630 critica
780 1587 858 1628 nunc
874 1586 932 1629 non
948 1571 1046 1628 minus
1057 1570 1087 1630 in
1101 1567 1216 1629 occulto
1230 1569 1356 1630 laterent
1372 1589 1458 1650 quam

297 1672 440 1748 sagacitas
467 1670 528 1730 ludi
551 1672 682 1747 magistri
706 1671 786 1731 illius
815 1670 1015 1740 Atheniensis,
1045 1671 1095 1750 qui
1118 1670 1280 1732 Homerum
1303 1690 1318 1732 a
1342 1690 1373 1730 se
1396 1673 1460 1752 ipso

296 1773 485 1834 emendatum
507 1772 649 1833 Alcibiadi
673 1771 777 1833 obtulit
798 1772 863 1848 (eir.
880 1770 1000 1832 Wollius
1022 1771 1133 1851 proleg.
1159 1793 1187 1852 p.
1207 1768 1287 1850 169).
1311 1774 1352 1833 Ac
1374 1792 1458 1853 prae·

298 1883 379 1936 terea
403 1874 480 1953 quod
497 1874 645 1944 Rhianus,
669 1892 736 1934 eum
752 1875 898 1953 poeticam
920 1881 1015 1934 artem
1030 1875 1192 1943 lectitaret,
1217 1893 1251 1934 ea
1274 1876 1459 1953 potissimum

297 1995 406 2054 genera
430 1981 557 2036 sectatus
580 1983 637 2045 est,
662 1993 737 2054 quae
760 1975 810 2035 illo
833 1985 965 2054 tempore
988 1977 1052 2036 lere
1075 1975 1135 2035 sola
1158 1995 1174 2035 a
1197 1977 1294 2055 poetis
1316 1976 1460 2037 industrie

297 2079 520 2148 excolerentur,
551 2076 735 2138 eruditorum
759 2077 903 2137 lectorum
933 2079 1033 2138 lavore
1062 2077 1301 2148 celebrarentur,
1330 2080 1460 2140 carmina

297 2181 396 2260 opica,
425 2178 675 2257 ethnographica,
708 2180 934 2258 epigrammata,
965 2180 993 2239 id
1024 2187 1199 2257 argumento
1222 2187 1282 2249 est,
1312 2200 1378 2241 cum
1402 2201 1461 2242 non

296 2284 325 2342 in
349 2281 397 2342 illa
426 2279 557 2359 βιβλίων
587 2277 697 2361 ἐρημίᾳ
732 2280 866 2341 Cretensi
893 2298 950 2341 nec
976 2289 1160 2342 remotuma
1191 2283 1403 2352 consuetudine
1431 2291 1461 2344 et

297 2383 475 2444 commercio
499 2400 565 2442 cum
588 2383 699 2460 poetis,
723 2383 774 2461 qui
798 2390 859 2443 tum
883 2384 1008 2443 maxima
1030 2383 1117 2444 laude
1133 2384 1288 2453 llorerent,
1312 2386 1341 2445 in
1365 2386 1460 2446 studia

296 2487 411 2565 poetica
432 2482 606 2544 incumbere
636 2483 777 2562 potuisse.
823 2484 954 2563 Cumque
983 2483 1179 2555 carminibus
1208 2504 1283 2564 quae
1312 2487 1462 2548 derebus

297 2588 497 2655 Achaeorum,
533 2584 757 2654 Thessalorum,
792 2585 930 2646 Eleorum
965 2587 1145 2665 composuit,
1186 2587 1276 2648 multa
1310 2594 1460 2657 tractaret,

296 2709 371 2770 quae
394 2708 430 2749 ex
454 2687 558 2749 harum
580 2689 715 2764 gentium
737 2687 908 2765 genealogia
937 2688 1085 2758 fabulosa,
1115 2689 1309 2768 geographia,
1340 2689 1461 2750 historia

295 2792 389 2872 petita
413 2797 526 2858 esseut,
551 2807 653 2849 earum
676 2806 777 2849 rerum
801 2790 931 2849 omnium
954 2791 1151 2867 cognitionem
1175 2791 1232 2850 nisi
1256 2790 1356 2850 multis
1378 2790 1463 2852 librIs

296 2894 399 2954 sedulo
422 2891 560 2972 perlectis
583 2896 633 2950 aut
655 2889 714 2950 illis
737 2889 909 2967 regionibus
932 2891 1073 2952 Graeciae
1096 2893 1265 2975 peragratis
1287 2911 1461 2972 comparare

296 3015 355 3055 non
378 3000 513 3073 poterat;
543 2994 792 3071 epigrammatum
815 3010 886 3052 vero
910 3000 1086 3070 argumenta
1109 2995 1242 3073 exceptis
1263 3011 1339 3072 quae
1361 2995 1390 3053 in
1414 3014 1461 3055 re-

297 3097 354 3156 bus
377 3096 526 3156 amatoriis
548 3100 718 3161 versantur,
743 3111 801 3152 non
818 3094 976 3153 eiusmodi
1001 3100 1083 3163 sunt,
1108 3102 1140 3154 ut
1162 3095 1191 3154 in
1208 3095 1294 3156 Creta
1317 3114 1384 3156 eum
1408 3117 1461 3175 pu·

297 3199 406 3259 laveris
428 3197 496 3257 talia
520 3196 617 3255 enlmo
646 3195 832 3272 concepisse,
867 3201 954 3274 atque
978 3215 1014 3255 ex
1043 3196 1161 3255 dicendi
1190 3213 1300 3272 genere
1329 3207 1462 3278 apparet,

297 3319 364 3360 eum
389 3316 446 3359 non
470 3297 592 3358 Homeri
621 3295 724 3362 modo,
756 3296 806 3356 sed
831 3298 919 3357 etiam
942 3297 1076 3366 hesiodi,
1107 3297 1240 3366 Pindari,
1270 3297 1461 3376 Theognidis,

296 3401 448 3481 Aeschyli,
473 3399 597 3460 aliorum
621 3405 775 3476 poetarum
797 3397 874 3459 baud
903 3399 1063 3479 inperitum
1086 3402 1194 3468 husee,
1218 3406 1320 3479 utpote
1336 3420 1462 3480 quorum

296 3499 362 3564 cum
386 3501 548 3564 sententias
577 3508 639 3561 tum
662 3500 804 3561 vocabula
833 3504 862 3560 in
887 3521 972 3562 usum
997 3520 1083 3561 suum
1107 3501 1256 3561 interdum
1273 3504 1460 3564 converterit.

296 3607 348 3666 His
377 3613 473 3666 autem
503 3603 685 3681 argumentis
713 3610 935 3681 peropportune
965 3603 1127 3672 succurrit,
1156 3603 1234 3682 quod
1259 3601 1388 3664 Rhianus
1412 3605 1461 3665 de-

297 3791 498 3800 ..φ-..μ-

296 3906 331 3960 ed
350 3903 439 3974 Apoll.
457 3903 547 3956 lihod.
573 3923 598 3972 p.
616 3901 744 3956 LXXIII:
775 3902 852 3956 ‘Nec
869 3902 1009 3958 Rhianum
1031 3903 1180 3972 probabile
1203 3907 1246 3956 est
1265 3902 1295 3955 in
1314 3903 1397 3958 Crete
1415 3905 1464 3958 aut

295 3991 323 4043 in
342 3988 453 4043 Aetolia
470 3988 684 4056 grammaticum
703 3985 882 4041 Homericum
900 3987 1010 4056 egisse’,
1030 3987 1077 4042 ubi
1100 4002 1230 4057 quorsum
1249 3989 1368 4058 spectet,
1388 3989 1463 4056 quod

296 4075 325 4128 in
344 4069 485 4128 Aetoliam
503 4071 643 4126 Rhianum
661 4071 799 4136 traduxit,
827 4087 883 4125 non
901 4071 1043 4140 intellego.
1081 4072 1159 4125 Idem
1176 4090 1203 4141 p.
1222 4071 1273 4126 XV
1291 4071 1370 4136 dicit,
1394 4071 1462 4126 satis

295 4157 443 4229 probabile
461 4173 535 4224 esse,
554 4173 609 4210 non
629 4156 719 4210 solum
739 4156 917 4226 Apollonium
936 4162 965 4210 et
982 4156 1189 4222 Aristarchum,
1212 4156 1362 4211 sedetiam
1380 4155 1463 4210 Rhia-

295 4261 362 4296 num
386 4242 564 4296 ‘Ptolemaeo
584 4240 763 4309 Philopatore
785 4239 961 4313 potissimum
984 4243 1136 4313 regnanto’
1160 4244 1316 4308 (arx—204)
1344 4241 1463 4296 Alexan-

296 4326 519 4397 driamjvenisse.
