3340 5164
829 345 979 442 ‘m-

323 537 405 598 sihus
427 537 557 598 heroicis
579 536 698 596 condita
721 544 815 597 erant.
861 537 892 596 ln
916 535 963 596 his
986 538 1110 598 sortasse
1134 540 1229 616 magis
1251 558 1338 618 quam
1360 542 1392 600 in
1415 540 1484 600 reli-

323 641 390 718 quis
418 639 542 700 indulsit
576 645 732 717 poetarum
766 639 934 718 aequalium
969 639 1067 699 studio
1097 639 1291 719 multiplicem
1320 641 1484 703 doctrinam

322 741 449 819 poeticis
472 740 608 800 artificiis
630 747 762 800 ornatam
786 738 949 800 lectoribus
972 739 1119 800 tradendi.
1164 740 1206 801 De
1230 741 1412 803 Heraclea
1434 761 1484 804 au·

323 850 394 912 tem,
418 861 454 901 er
477 859 535 921 qua
557 860 594 901 ne
617 859 694 902 unus
710 841 830 917 quidem
847 859 950 902 versus
973 841 1008 902 ad
1033 860 1086 901 nos
1100 845 1252 920 pervenit,
1276 844 1352 904 nihil
1375 846 1485 904 scimus

324 947 382 1005 nisi
406 962 480 1022 quae
504 943 540 1004 ad
564 941 589 1005 Τ
615 939 690 1012 119,
721 941 773 1003 uhi
801 951 941 1004 narratur
968 963 1026 1023 qua
1054 943 1157 1004 lraude
1180 944 1253 1004 luno
1276 947 1424 1015 effecerit,
1453 953 1486 1005 ut

321 1045 507 1125 Eurystheus
529 1053 596 1105 ante
613 1043 771 1104 Herculem
794 1047 824 1104 in
847 1045 944 1104 lucem
967 1045 1121 1116 ederetur,
1145 1046 1300 1108 scholiasta
1321 1047 1484 1108 adnotavit:

324 1149 402 1208 unde
425 1148 631 1224 cognoscimus
661 1148 806 1208 ‘cantasse
829 1145 977 1206 Rhianum
1007 1149 1038 1207 in
1061 1147 1204 1207 Heraclea
1232 1155 1322 1209 totam
1344 1148 1425 1209 illam
1448 1149 1483 1208 de

322 1258 391 1312 nato
419 1248 545 1310 Hercule
574 1247 719 1316 lahulam,
753 1267 842 1327 quam
876 1250 979 1327 paucis
1011 1247 1111 1308 vcrhis
1137 1248 1167 1308 in
1194 1248 1285 1309 Iliade
1314 1269 1483 1329 expressam

318 1351 465 1428 legimus,
489 1359 552 1410 turn
576 1356 676 1409 notam
699 1348 835 1410 laborum
859 1352 983 1420 seriem,
1013 1370 1087 1430 quos
1108 1351 1180 1411 lorti
1204 1353 1302 1411 animo
1324 1370 1485 1432 perpessus

323 1453 360 1514 sit
382 1452 539 1521 Hercules,
569 1458 720 1530 postremo
756 1452 903 1530 quomodo
936 1454 1077 1531 inprimis
1104 1453 1248 1532 Apollinis
1279 1459 1308 1513 et
1335 1453 1484 1514 Minervae

322 1554 491 1635 precihusa
509 1554 555 1614 dis
568 1553 712 1633 Olympiis
727 1552 852 1632 adeptus
863 1555 903 1613 sit
918 1554 1182 1615 immortalitatem’
1195 1552 1369 1630 lv.Saalium
1384 1576 1413 1635 p.
1421 1554 1482 1634 33).

322 1657 405 1728 Quod
441 1675 509 1716 vero
543 1655 700 1716 scholiasta
733 1657 765 1715 in
793 1654 915 1716 Homeri
943 1655 1137 1735 explicatione
1159 1656 1268 1718 Rhiani
1296 1660 1484 1737 potissimum

323 1758 496 1819 Heracleam
520 1756 806 1817 commemorandam
836 1755 894 1816 sihi
923 1757 1021 1826 duxit,
1051 1776 1118 1818 curu
1141 1758 1277 1820 Herculis
1306 1763 1362 1820 vita
1385 1769 1415 1822 et
1436 1765 1491 1822 res*

322 1867 422 1938 gestae
444 1860 521 1920 haud
545 1878 615 1920 raro
636 1860 763 1938 apoetis
777 1858 913 1920 versibus
929 1859 1095 1920 celehratae
1119 1868 1233 1932 essent,
1256 1862 1287 1922 id
1310 1871 1484 1941 argumento

322 1963 440 2023 videtur
472 1980 552 2031 esse,
588 1961 733 2021 Rhianum
763 1959 877 2021 fabulas
912 1960 949 2021 ah
983 1961 1112 2022 Homero
1142 1963 1178 2022 de
1206 1963 1333 2024 Hercule
1362 1965 1485 2026 traditas

322 2072 442 2143 praeter
465 2071 582 2124 ceteros
605 2063 765 2139 diligenter
794 2068 824 2122 et
852 2081 919 2122 cum
948 2063 1004 2123 fide
1029 2072 1163 2125 secutum
1192 2084 1256 2126 esse
1287 2073 1316 2126 et
1339 2066 1485 2126 clementa

322 2167 371 2226 illa
395 2165 564 2226 adumbrati
588 2166 665 2244 epici
689 2164 844 2234 carminis,
868 2183 943 2244 quae
967 2167 1057 2226 variis
1079 2166 1153 2226 locis
1168 2166 1269 2227 lliadis
1292 2175 1322 2227 et
1336 2167 1484 2247 Odysseae

322 2268 457 2347 dispersa
480 2274 564 2336 sunt,
593 2268 666 2326 scite
689 2269 891 2346 composuisse
919 2269 1063 2346 novisque
1084 2269 1214 2329 inventis
1242 2271 1433 2330 exornavisse
1455 2278 1485 2329 et

321 2370 494 2450 perfecisse.
539 2367 593 2429 Cui
628 2369 671 2428 rei
706 2370 834 2429 maxime
863 2376 1094 2429 consentaneum
1123 2376 1182 2438 est,
1216 2370 1294 2449 quod
1323 2371 1485 2432 Minervam

321 2479 476 2551 patronam
499 2469 636 2530 Herculis
660 2476 689 2529 et
712 2470 890 2530 adiutricem
912 2472 1011 2538 finxit,
1043 2474 1128 2531 cuius
1150 2490 1205 2550 ope
1229 2475 1259 2531 in
1283 2473 1407 2532 deorum
1430 2491 1485 2532 nu-

322 2592 437 2633 merum
468 2573 578 2632 ascitus
608 2574 663 2642 sit;
693 2571 766 2632 haec
795 2574 874 2633 enirn
901 2574 961 2633 iarn
989 2573 1066 2652 apud
1096 2572 1256 2634 Homerum
1280 2571 1305 2634 Θ
1329 2569 1392 2634 362
1414 2591 1430 2633 a
1453 2592 1484 2632 se

322 2676 394 2735 dicit
427 2693 515 2753 saepe
549 2681 697 2734 servatum
736 2693 801 2734 esse
835 2673 993 2735 Herculem
1026 2674 1184 2754 Eurysthei
1218 2674 1370 2736 lahorihus
1403 2675 1484 2734 dela·

322 2780 458 2854 tigatum.
1325 2838 1329 2842 .

407 2879 549 2938 Graviora
566 2885 634 2937 sunt
656 2896 731 2955 quae
748 2877 910 2938 Pausaniae
934 2897 1024 2957 opera
1041 2879 1077 2939 dc
1100 2863 1128 2938 Μ
1135 2879 1344 2939 esseniacis
1367 2881 1485 2956 cognita

321 2979 481 3050 habemus,
511 2997 569 3058 quo
593 2980 725 3039 carmine
754 2978 864 3040 hellum
887 2980 1103 3041 Messeniacum
1127 2981 1289 3041 secundum
1318 2988 1348 3040 et
1376 2999 1425 3040 res
1447 2980 1483 3040 ah

322 3084 509 3144 Aristomene
539 3081 659 3141 sortiter
688 3088 717 3141 et
739 3082 866 3159 gloriose
894 3089 993 3160 gestas
1021 3091 1197 3161 persecutus
1225 3090 1278 3143 est.
1323 3082 1365 3142 De
1394 3082 1485 3142 rehus

321 3185 536 3245 Messeniorum
560 3185 649 3242 etiam
672 3182 775 3262 Myron
799 3182 972 3244 Prienensis
994 3203 1095 3244 rerum
1111 3187 1240 3265 scriptor
1262 3184 1394 3263 pedestri
1417 3203 1483 3244 ora·

322 3289 402 3346 tione
426 3284 538 3344 librum
561 3284 704 3353 coniecit,
733 3283 786 3344 sed
815 3284 894 3345 huuc
917 3285 1078 3346 Pausanias
1106 3285 1300 3365 reprehendit
1328 3293 1361 3345 ut
1388 3285 1483 3362 indig-

320 3406 408 3457 num,
438 3388 487 3447 cui
515 3404 634 3466 semper
656 3385 729 3446 inies
757 3385 901 3447 habeatur
930 3383 980 3464 (οὐ
1003 3386 1249 3467 προορώμενον,
1274 3385 1302 3449 εἰ
1323 3388 1427 3464 ψευδῆ
1449 3404 1484 3448 τε

320 3488 372 3552 καὶ
399 3486 438 3552 οὐ
467 3485 586 3550 πιθανὰ
614 3484 699 3553 δόξει
730 3485 834 3562 λέγειν
857 3488 895 3549 IV
923 3485 958 3558 6,
980 3486 1010 3568 4)
1045 3495 1075 3548 et
1102 3488 1178 3549 libro
1207 3495 1326 3567 quarto,
1355 3508 1413 3569 quo
1436 3507 1485 3549 res

321 3592 519 3652 Messeniacas
541 3597 662 3659 tractat,
693 3592 722 3651 in
746 3590 943 3652 describendo
973 3589 1051 3650 hello
1080 3590 1172 3651 altero
1199 3590 1335 3668 neglecto
1363 3592 1483 3670 lllyrone

322 3694 357 3753 ad
381 3692 475 3752 solum
498 3691 606 3753 Rhiani
635 3699 755 3752 carmen
783 3695 824 3752 ita
855 3692 1086 3756 accommodavit
1114 3696 1330 3762 narrationem,
1360 3701 1392 3754 ut
1423 3693 1484 3752 lere

323 3793 433 3873 uhique
456 3800 560 3871 poetae
584 3795 662 3872 epici
685 3795 810 3871 vestigia
833 3796 1055 3873 conspiciantur
1078 3802 1107 3854 et
1129 3795 1198 3855 inde
1225 3797 1317 3856 totius
1343 3796 1485 3855 carminis

322 3895 478 3956 consilium
502 3902 531 3954 et
554 3896 648 3964 ratio,
672 3912 772 3954 rerum
796 3895 953 3974 dispositio
976 3903 1006 3955 et
1021 3896 1164 3958 decursus
1180 3900 1301 3976 agnosci
1318 3897 1440 3975 possint.
1451 3891 1484 3973 ¹²)

321 4049 523 4060 -..----——--0-

390 4133 432 4198 12)
451 4129 506 4184 etr.
525 4127 556 4182 0.
574 4127 781 4184 Plundtneri
800 4130 996 4185 commentatio
1011 4131 1067 4185 ‘die
1084 4131 1181 4184 histor.
1194 4131 1310 4197 Quellen
1322 4131 1371 4185 des
1392 4132 1484 4187 Paus'

321 4215 491 4270 Fleckeiseni
509 4213 599 4268 annal.
618 4213 694 4266 tomo
713 4220 745 4268 99
772 4231 798 4268 a.
819 4219 884 4269 1869
901 4233 929 4284 p.
947 4222 1082 4271 tat-454
1105 4216 1223 4284 inserta,
1250 4234 1305 4286 qua
1332 4216 1486 4272 rectissime

320 4299 487 4370 inpugnavit
503 4299 641 4353 Manson
649 4315 697 4352 cm
714 4298 868 4353 Pausaniae
880 4300 1071 4355 narrationem
1084 4319 1099 4355 e
1111 4302 1213 4356 Rhiani
1226 4301 1346 4357 carmine
1359 4317 1486 4357 manasse
