3340 5164
701 384 852 483 *aa—

197 578 285 640 verba
314 576 439 656 ἀγορὴν
467 575 608 660 θέμενος.
647 577 701 638 Cui
730 577 839 637 Rhiani
868 579 1033 637 sententiae
1060 584 1163 653 postea
1187 579 1239 638 alii
1261 596 1357 656 gram-

196 684 298 742 matici
321 681 474 758 astipulati
497 688 582 749 sunt,
606 697 688 749 nam,
718 687 750 738 ut
775 679 943 739 lliudorlius
966 681 1113 755 ascripsit,
1138 683 1167 739 iu
1192 680 1256 739 cod.
1282 680 1303 737 V
1327 684 1357 740 in

195 783 243 843 ed.
267 782 430 843 Schrevelii
454 789 569 843 servata
593 789 638 841 est
661 781 813 841 adnotatio
835 780 923 840 hacc:
954 780 1032 857 μετὰ
1060 781 1169 842 πᾶτιν·
1200 779 1281 843 ἔνιοι
1302 783 1357 856 pu-

194 887 270 958 θον,
294 893 322 944 et
345 884 469 944 eandem
493 885 672 960 scripturam
688 881 831 942 exhibent
854 881 939 942 codd.
963 882 1095 952 FllllS;
1120 899 1297 962 quamquam
1322 901 1357 942 ex

194 986 243 1046 bis
266 987 356 1046 etiam
386 985 486 1063 colligi
525 992 623 1062 potest
650 984 799 1045 Rhianum
828 1001 910 1042 suam
939 981 1099 1044 lectionem
1131 987 1292 1065 sumpsisse
1322 1003 1358 1043 ex
1385 1023 1388 1030 ,

196 1087 348 1148 veteribus
369 1087 599 1166 exemplaribus.

281 1191 296 1251 ξ
318 1185 390 1249 317.
436 1189 537 1249 Vlixes
559 1191 590 1248 in
614 1190 799 1256 narratione,
823 1206 882 1266 qua
903 1206 941 1247 ue
958 1187 994 1247 ab
1015 1187 1146 1248 Eumaeo
1169 1168 1408 1266 agnoscatur,4l

197 1308 228 1350 se
253 1289 393 1350 advenam
415 1293 611 1368 peregrinum
626 1308 691 1349 esse
714 1288 848 1358 simulat,
873 1291 969 1350 varias
985 1290 1121 1350 fortunae
1139 1288 1359 1349 vicissitudines

197 1399 367 1468 expertum,
393 1389 467 1452 dicit
489 1411 520 1454 sc
545 1395 575 1451 in
598 1399 709 1451 terram
732 1390 968 1469 Thesprotorum
990 1395 1179 1469 pervenisse:

324 1489 402 1555 ἔνθα
425 1510 462 1570 με
485 1492 686 1568 Θετπρωτιίιν
710 1491 854 1569 βαειλεὺε
876 1491 1059 1569 ἐκομίετατο
1082 1491 1206 1554 Φείδων

323 1591 410 1670 ἥρωι
434 1590 643 1670 ἀπριάτην.

198 1694 296 1754 Schol.
319 1692 530 1772 ἀπριάτην·
553 1692 708 1774 ἐπίρρημα
715 1744 724 1775 ,
748 1693 792 1759 ὼε
808 1692 924 1772 ἄντην,
948 1695 1063 1772 μάτην,
1088 1693 1159 1758 ἀντὶ
1173 1697 1231 1757 τοῦ
1246 1692 1359 1772 ἀπριά-

196 1815 275 1870 τωτ,
300 1792 318 1856 ὅ
342 1793 552 1874 cartapetae.
576 1796 687 1867 BPQ.
719 1794 796 1859 οὐδὲ
819 1796 977 1876 χρήματα,
1008 1794 1131 1861 ὅέετιν
1162 1793 1207 1860 vhc
1235 1795 1359 1859 ἐλεύθε-

197 1914 265 1973 ρον.
288 1895 402 1966 BHQ.
432 1894 586 1960 Ῥιανότ
613 1897 732 1977 γράφει
759 1896 962 1976 ἀπριάδην.
990 1898 1025 1958 Η.
1064 1899 1145 1959 ldem
1174 1899 1358 1968 vocabulum,

197 1998 233 2058 de
256 2017 316 2077 quo
338 2007 454 2059 veteres
481 2002 669 2076 grammatici
697 2018 785 2077 saepe
813 2001 998 2078 multumque
1015 1993 1227 2077 ¹disceptantes
1255 2003 1286 2061 in
1316 2000 1359 2060 di·

198 2117 295 2160 versas
309 2101 471 2160 sententias
487 2087 636 2170 abiciunt,
660 2109 779 2178 praeter
791 2102 870 2164 huuc
886 2121 945 2162 uno
961 2105 993 2162 in
1007 2121 1094 2162 versu
1107 2102 1184 2179 apud
1197 2101 1360 2162 Homerum

197 2203 351 2260 invenitur
372 2200 398 2262 Α
413 2197 468 2271 99,
492 2201 546 2261 ubi
569 2201 692 2263 Calchas
714 2203 861 2282 praedicit
877 2202 1046 2281 Apollinem
1061 2221 1120 2264 non
1135 2206 1221 2282 prius
1234 2204 1361 2266 Achivos

196 2301 370 2377 pestilentia
392 2301 591 2363 liberaturum
619 2321 699 2372 esse,
729 2301 804 2380 πρίν
832 2303 866 2378 γ’
895 2303 961 2367 ἀπὸ
980 2287 1085 2380 ’πατρὶ
1114 2301 1200 2385 φίλῳ
1230 2304 1361 2382 δόμεναι

198 2399 373 2464 ἑλικώπιδα
400 2401 520 2480 κούρην
549 2401 764 2481 ἀπριάτην,
794 2403 984 2469 ἀνάποινον.
1021 2406 1076 2466 Ηίο
1105 2425 1174 2466 curn
1202 2406 1238 2465 de
1270 2407 1361 2485 Chry·

194 2504 280 2564 seide
297 2512 416 2582 agatur,
440 2524 498 2564 non
522 2514 567 2566 est
590 2525 644 2567 cur
659 2503 894 2586 Apollonii⁵³t
911 2507 1051 2568 cedamus
1067 2510 1248 2578 auctoritati,
1272 2527 1361 2587 quem
1381 2571 1389 2586 .

198 2604 374 2666 adverbium
389 2606 571 2668 intellexisse
595 2608 745 2669 adnotavit
761 2609 937 2669 scholiasta:
960 2605 1009 2670 ἵν’
1031 2607 1050 2690 ᾗ
1072 2608 1170 2685 χωρὶε
1192 2610 1361 2688 πριαεμοῦ,

197 2703 269 2769 ἀντὶ
290 2708 348 2768 τοῦ
371 2703 547 2788 ἀπριάδην,
570 2709 622 2769 sed
645 2710 721 2770 hanc
743 2710 869 2769 formam
898 2709 934 2770 ab
964 2709 1110 2770 adiectivo
1133 2706 1287 2786 άπρίατοε
1309 2710 1361 2770 de-

199 2807 309 2869 ducere
331 2809 419 2878 licet,
449 2817 556 2870 utnon
578 2811 668 2870 modo
695 2811 805 2888 legitur
836 2813 867 2871 in
889 2810 987 2890 Etym.
1010 2810 1048 2871 M.
1075 2807 1148 2879 132,
1179 2807 1221 2871 45
1248 2808 1361 2887 ἀπριά-

197 2927 271 2985 την·
295 2909 314 2986 ἢ
337 2905 494 2988 ἐπίρρημα
516 2911 564 2973 δεῖ
591 2909 720 2975 ἀκούειν
726 2959 736 2993 ,
764 2911 925 2975 πουτέιτιν
954 2909 1031 2974 ἄνευ
1059 2909 1220 2991 πράεεωι,
1249 2911 1268 2987 ἢ
1297 2915 1362 2988 θη-

120 3057 124 3068 ,
199 3011 324 3075 λυκῶε
356 3008 421 3074 ἀπὸ
447 3014 505 3074 τοῦ
529 3010 725 3088 ἀπρίατο(
751 3012 801 3076 καί
823 3009 972 3091 ἀπριάτη.
1004 3014 1105 3090 πριιίι,
1134 3012 1273 3092 πριάεω,
1307 3031 1362 3075 πε-

198 3109 344 3193 πρίαται,
366 3113 500 3189 πριατὸε
521 3113 573 3176 καὶ
588 3111 742 3193 ἀπρίατοε
758 3114 836 3192 μετά
857 3116 916 3177 τοῦ
932 3113 1174 3192 ετερητικοῦΆ,
1198 3114 1250 3174 sed
1273 3118 1361 3175 etiam

199 3212 416 3274 Lobeehius
449 3216 541 3295 paral.
575 3233 604 3294 p.
633 3213 696 3278 458
728 3225 757 3277 et
789 3216 1043 3277 Doederlinus
1074 3215 1163 3294 gloss,
1186 3215 1213 3276 ΙΙ
1246 3232 1276 3294 p.
1302 3212 1362 3276 136

199 3334 228 3376 n.
252 3311 315 3376 626
338 3323 507 3377 statuerunt
515 3336 522 3385 ;
552 3335 620 3378 nam
643 3317 679 3378 dc
701 3318 835 3396 legitima
863 3319 1001 3379 feminini
1029 3321 1124 3378 torma
1147 3316 1280 3377 dubitari
1302 3335 1362 3378 non

198 3434 287 3493 posse
309 3425 439 3494 arguunt
457 3413 594 3496 άδμήτη,
623 3417 768 3499 ἀτβὲετη,
798 3419 855 3480 alia
878 3420 1011 3497 exempla
1034 3439 1050 3480 a
1072 3418 1224 3480 Loheokio
1246 3419 1266 3478 l.
1289 3417 1309 3477 l.
1333 3426 1362 3478 et

199 3517 354 3596 Kruegero
376 3537 421 3596 gr.
445 3519 540 3598 gr.lI
568 3517 671 3601 522,
701 3518 736 3591 3,
763 3519 844 3582 1-3
873 3530 1022 3597 congesta.
1066 3521 1170 3598 Neque
1198 3519 1285 3580 aliter
1313 3538 1362 3580 ex·

198 3617 370 3700 plicandum
399 3629 460 3690 est,
495 3622 573 3701 quod
607 3622 708 3702 hymn.
733 3623 797 3684 Cer.
825 3617 885 3683 132
906 3620 1033 3700 legitur:
1068 3619 1168 3697 λάθρη
1201 3619 1234 3682 δ’
1268 3618 1363 3698 ὁρμη-

199 3721 287 3783 deice
315 3720 360 3782 bv'
388 3720 533 3800 ἠπείροιο
567 3720 715 3803 μελαίνης
748 3724 873 3801 φεῦγον
905 3719 1127 3801 ὑπερφιάλου(
1156 3719 1362 3798 τημάντοραε,

199 3821 289 3901 ὄφρα
311 3840 345 3885 κε
368 3822 409 3900 μή
437 3842 475 3902 με
503 3822 702 3903 ἀπριάτην
729 3822 923 3902 περάεαντεε
952 3823 1027 3901 ἐμῆ(
1056 3821 1234 3886 ἀποναίατο
1264 3824 1363 3903 τιμῆς,

200 3933 230 3985 et
252 3924 458 3985 Pindarum
483 3928 661 3989 adiectivum
683 3926 740 3987 tale
763 3928 946 3988 intellexisse
975 3933 1077 4005 aperte
1100 3925 1251 3987 declarant
1274 3922 1363 3984 verba

200 4028 230 4087 in
253 4028 360 4104 fragm.
386 4022 445 4087 151
470 4026 618 4106 (Boeclvh.)
643 4027 712 4091 ἐπεὶ
740 4026 883 4106 Γηρυόνα
898 4027 974 4106 βόα(
992 4025 1188 4089 Κυκλωπίων
1210 4023 1263 4087 ἐπὶ
1285 4044 1364 4101 προ·

201 4125 308 4204 θύρων
331 4125 508 4205 Εὐρυεθέοε
531 4129 701 4208 ἀναιτήταε
731 4149 764 4193 τε
793 4130 844 4193 καὶ
865 4125 1062 4204 ἀπριάταε
1090 4125 1217 4204 ἤλαεεν.
1262 4126 1299 4187 Et
1322 4129 1365 4186 sie

269 4268 312 4332 53)
330 4265 411 4320 Hune
427 4261 511 4318 irrisae
529 4261 707 4332 Apollonium
726 4261 864 4316 Rhodium
883 4259 984 4316 conicit
1000 4259 1070 4314 Rud.
1089 4251 1276 4312 Merkeliuo
1293 4257 1364 4325 prol.

202 4351 239 4408 ad
257 4349 348 4421 Apoll.
366 4350 455 4404 Rhod.
473 4367 500 4418 p.
519 4347 638 4402 LXXVI.
1179 4425 1216 4484 6*
