3340 5164
697 395 849 495 —ra—

191 589 304 668 lupiter
327 586 491 648 irabundus
514 585 654 647 lunonem
684 587 720 647 de
743 606 839 666 poena
867 587 1018 657 admonet,
1048 607 1105 666 qua
1135 606 1200 648 earn
1228 587 1356 666 pedihus

193 689 390 768 manibusque
413 691 540 750 vinctam
564 687 600 748 de
616 687 697 749 caelo
714 707 887 768 suspensam
903 691 1024 749 iecerit:
1053 686 1089 750 ςὺ
1112 687 1146 750 δ’
1168 687 1203 752 ἐν
1227 687 1355 767 αἰθέρι

191 789 255 854 καὶ
276 789 489 872 νεφέλῃςιν
511 787 675 870 ἐκρέμω,
698 798 749 850 aut
771 791 874 851 aether
896 790 1017 852 nubilus
1039 810 1104 851 esse
1121 791 1231 852 dicitur
1246 799 1297 852 aut
1319 793 1355 852 acl

192 891 419 954 similitudinem
442 891 559 963 Martis,
585 895 640 968 'qui
664 889 744 954 ἑπτὰ
767 889 878 969 ἐπέςχε
906 891 1047 970 πέλεθρα
1074 892 1181 956 πεςών
1211 891 1249 969 (Φ
1271 889 1354 970 407),

191 995 313 1055 lunonis
335 999 529 1054 statura'tam
552 996 658 1070 ingens
680 994 816 1071 lingenda
839 1002 900 1064 est,
932 1001 965 1054 ut
987 1012 1022 1054 ex
1051 995 1173 1054 aethere
1202 1013 1295 1074 usque
1319 997 1354 1054 acl

191 1096 287 1157 nubes
315 1098 487 1177 pertineatc
512 1095 613 1155 eadem
643 1095 719 1155 lere'
741 1095 830 1156 verba
863 1096 990 1172 legimus
1019 1094 1045 1156 Ο
1070 1092 1130 1156 192
1158 1093 1240 1158 Ζεὺς
1263 1094 1357 1173 ἔλαχ’

192 1195 337 1274 οὐρανὸν
365 1194 462 1274 εὐρὺν
490 1195 526 1258 ἐν
554 1193 678 1281 αἰθέρι
705 1195 768 1258 καὶ
794 1194 1030 1278 νεφέλῃςιν,
1061 1197 1140 1276 quod
1168 1199 1292 1258 fortasse
1321 1218 1356 1259 eo

192 1299 372 1379 explicatur,
401 1298 479 1378 quod
508 1317 575 1358 cum
604 1298 699 1358 nubes
727 1298 802 1358 caeli
829 1304 932 1377 portae
962 1301 1022 1358 sint
1050 1300 1174 1378 eiusque
1203 1307 1355 1378 aspectum

192 1401 361 1470 occultent,
381 1399 553 1460 bominibus
573 1419 690 1460 sursum
707 1400 911 1480 spectantibus
927 1399 1040 1460 caelum
1064 1402 1148 1479 quasi
1171 1402 1202 1460 in
1225 1401 1357 1462 nubibus
1469 1421 1471 1426 ’

193 1522 261 1564 esse
284 1503 330 1563 vel
354 1503 454 1582 potius
476 1500 609 1562 nubibus
631 1501 860 1561 circumclusum
884 1519 948 1561 esse
972 1502 1067 1562 videri
1092 1509 1202 1581 potest;
1232 1510 1263 1562 at
1284 1503 1356 1582 quid

192 1606 285 1664 iacies
300 1605 348 1664 his
368 1602 485 1664 duobus
506 1602 641 1664 versibus
662 1599 739 1666 u54
760 1601 795 1666 έν
817 1602 852 1665 δὲ
878 1601 1031 1680 κυδοιμὸν
1054 1599 1135 1681 epte
1156 1601 1254 1666 κακὸν
1278 1603 1356 1681 Κρο-

193 1705 297 1788 νίδης,
320 1705 400 1768 κατὰ
422 1703 456 1768 δ’
479 1702 603 1782 ὑψόθεν
631 1702 706 1782 ἧκεν
729 1703 838 1781 έέρςας
861 1702 966 1782 αἵματι
993 1703 1152 1782 μυδαλέα(
1175 1703 1207 1768 ἐξ
1230 1703 1357 1782 αἰθέρος

193 1815 223 1868 et
244 1806 277 1870 Π
298 1803 362 1869 365
395 1805 440 1870 ὡς
472 1805 506 1869 b'
538 1803 588 1868 ὅτ’
623 1803 683 1868 ἀπ’
712 1805 888 1884 Οὐλύμπου
924 1804 1026 1883 νέφος
1058 1803 1184 1882 ἔρχεται
1213 1803 1356 1884 οὐρανὸν

193 1905 266 1971 είςω
295 1906 455 1985 αἰθέρος
477 1905 517 1970 ἐκ
539 1904 639 1988 δίης,
662 1905 716 1970 ὅτε
739 1926 772 1970 τε
794 1906 877 1969 Ζεὺς
899 1906 1038 1969 λαίλαπα
1060 1905 1164 1990 τείνῃί
1188 1907 1268 1978 Quos
1290 1910 1354 1986 qui·

194 2011 260 2070 clem
284 2028 387 2071 versus
409 2012 467 2070 iam
492 2009 681 2070 Aristarchus
709 2009 879 2088 expeditum
908 2011 946 2070 iri
970 2009 1140 2088 desperavit
1162 2017 1192 2069 et
1215 2009 1358 2070 Lehrsius

193 2129 334 2192 umquam
357 2111 386 2171 id
408 2112 474 2171 lieri
496 2129 583 2190 posse
606 2107 776 2188 negavit⁵¹l
801 2111 925 2171 —lam
947 2130 1017 2170 vero
1040 2129 1107 2170 cum
1131 2109 1247 2192 Olympi
1271 2129 1357 2172 cacu-

193 2216 289 2284 mina,
313 2215 344 2273 in
367 2211 476 2292 quibus
499 2212 547 2272 dei
571 2213 781 2291 sempiternam
805 2213 907 2272 sedem
930 2213 1162 2286 collocaverunt,
1187 2212 1283 2272 nubes
1306 2232 1356 2272 ex-

194 2315 302 2375 cedere
325 2316 509 2392 cogitentur,
539 2313 609 2374 deos
631 2332 755 2374 necesse
785 2321 831 2374 cst
852 2317 966 2374 versari
989 2317 1020 2374 in
1043 2311 1157 2390 αἰθέριτ
1188 2317 1287 2392 itaque
1310 2314 1357 2374 lu-

193 2419 273 2496 piter
296 2413 330 2477 έν
355 2413 454 2491 αἰθέρι
469 2413 569 2478 ναίων
599 2417 630 2475 in
653 2415 795 2494 precibus
817 2415 1011 2476 sollemnibus
1034 2426 1222 2494 nuncupatur
1245 2412 1356 2477 Β412.

193 2517 225 2580 Δ
251 2514 321 2578 166.
346 2535 365 2578 o
387 2513 466 2586 522,
490 2524 520 2576 et
541 2519 778 2596 quotiescunque
802 2517 849 2576 dei
874 2517 909 2576 de
938 2517 1019 2579 caelo
1046 2519 1211 2577 interram
1235 2516 1357 2577 descen·

194 2620 283 2687 dunt,
308 2639 344 2679 ex
367 2618 488 2678 aethere
511 2620 660 2697 proficisci
683 2617 727 2678 vel
750 2619 872 2679 aethera
894 2636 1049 2698 permeare
1073 2618 1230 2679 dicuntur:
1254 2615 1359 2679 0610

194 2719 291 2784 uiroc
312 2717 373 2796 γάρ
402 2716 432 2780 οἱ
461 2717 534 2798 (scil.
558 2719 691 2798 Ἕκτορι)
721 2716 786 2781 ἀπ’
814 2717 974 2797 αἰθέρος
1002 2717 1058 2795 ἦεν
1088 2717 1238 2797 ἀμύντωρ
1266 2718 1357 2788 Ζεύς,

194 2818 307 2884 Ξ258
337 2821 464 2882 Somnus
493 2822 528 2881 de
557 2822 624 2882 love
653 2823 729 2881 irato
752 2821 839 2880 elicit:
872 2819 923 2883 καί
950 2819 985 2882 κέ
1013 2819 1048 2896 μ’
1076 2817 1184 2883 ἄῑςταν
1214 2817 1279 2882 ἀπ’
1301 2817 1358 2883 αἰ-

194 2922 312 3000 θέρος
333 2920 449 3000 έμβαλε
472 2920 598 3002 πόντῳ,
620 2941 636 2984 ε
657 2917 699 2983 50
728 2919 858 3000 (Ἑρμῆς)
897 2919 1028 2999 Πιερίην
1051 2921 1084 2984 δ’
1106 2919 1217 3000 ἐπιβὰς
1239 2920 1277 2986 ἐξ
1305 2921 1359 2984 αἰ-

194 3025 312 3102 θέρος
335 3023 449 3102 έμπεςε
471 3023 592 3106 πόντῳ.
639 3024 733 3103 Atque
756 3024 829 3084 haec
852 3023 972 3102 quidem
996 3023 1150 3085 hactenus.
1187 3023 1263 3094 Quid
1288 3043 1358 3084 vero

195 3135 240 3187 est
262 3123 389 3203 αἴθρη,
413 3144 469 3206 qua
493 3145 563 3187 voce
579 3132 698 3205 praeter
718 3125 798 3185 hunc
821 3124 857 3184 de
880 3143 939 3203 quo
962 3127 1060 3202 agitur
1083 3143 1201 3185 versum
1225 3125 1272 3185 bis
1295 3131 1358 3186 tan·

194 3236 256 3289 tum
286 3227 433 3289 llomerus
459 3247 530 3289 usus
559 3227 622 3289 esti
651 3227 814 3306 Hesychius
843 3226 972 3306 explieat
1000 3223 1121 3307 αἰθρία,
1149 3223 1230 3304 αὐγὴ
1259 3223 1359 3302 εὐδία,

152 3363 157 3374 ·
195 3327 257 3406 ἀὴρ
280 3327 418 3406 καθαρός
441 3327 628 3408 (quamquam
652 3328 706 3388 hoc
729 3329 849 3407 quidem
875 3331 973 3388 minus
988 3336 1085 3399 recte,
1109 3347 1175 3389 cum
1200 3331 1238 3389 sit
1260 3332 1360 3408 potius

194 3429 311 3508 αἰθήρ1;
343 3430 446 3490 eodem
476 3430 565 3490 modo
586 3429 758 3490 Eustathius
787 3450 817 3510 p.
843 3427 933 3499 1121,
958 3426 1008 3490 39.
1032 3426 1075 3492 45
1098 3428 1230 3510 λὰμψις,
1260 3427 1359 3510 εὐδία,
1470 3510 1473 3516 .

195 3529 311 3609 αἰθρία;
339 3533 561 3593 accuratissime
578 3551 648 3591 vero
663 3539 694 3592 et
710 3534 863 3608 aptissime
880 3530 1023 3592 Lehrsius
1040 3531 1058 3593 l.
1077 3532 1094 3591 l.
1111 3550 1139 3610 p.
1166 3528 1241 3592 170:
1266 3532 1358 3610 ‘quae

195 3636 265 3694 hinc
293 3634 432 3714 (aethere)
467 3635 594 3694 eflicitur
623 3633 756 3704 claritas,
788 3652 822 3694 ea
853 3640 897 3693 est
925 3630 1046 3708 αἰθρη’,
1081 3634 1256 3710 gravissimo
1285 3653 1359 3694 usus

195 3739 397 3746 κῇ*-

263 3767 306 3833 51)
325 3763 406 3819 Certe
424 3763 635 3818 Duentzorus
654 3764 767 3832 quidem
785 3779 841 3817 non
859 3762 1064 3817 existimabitur
1081 3763 1154 3818 hano
1166 3763 1359 3832 quaestionem

195 3849 311 3904 solvisse
328 3848 374 3915 iis,
393 3865 465 3916 quae
483 3847 629 3903 adnotavit
645 3848 675 3902 in
693 3848 758 3903 edit.
782 3848 876 3903 Ihadis
894 3848 931 3902 ad
948 3847 974 3900 h.
992 3847 1026 3901 l.:
1055 3848 1115 3902 ‘der
1133 3847 1247 3902 Dichter
1265 3850 1358 3902 unter-

196 3933 320 3988 scheidet
339 3933 383 3987 die
401 3932 505 3987 hibere
525 3931 714 3988 Himmelsluft
733 3933 845 4001 (αἰθήρ),
863 3933 892 3986 in
909 3932 1013 3986 welche
1032 3933 1082 3987 der
1095 3933 1195 4002 Olymp
1214 3934 1286 4002 regt¹
1304 3948 1357 3986 von

196 4019 245 4072 der
271 4017 386 4072 niedern
414 4016 603 4082 Luftsobicbt,
616 4017 658 4070 ·in
684 4017 804 4071 welober
830 4016 874 4070 dio
902 4017 1023 4070 Woiken
1048 4017 1093 4072 ihr
1119 4017 1223 4071 Wesen
1250 4015 1359 4072 treiben

197 4103 350 4170 (οὐρανός).
384 4100 436 4155 Die
455 4100 644 4155 Himmelsluft
661 4102 739 4154 fiihrt
765 4100 815 4154 das
834 4100 905 4154 euch
933 4099 982 4154 der
1000 4101 1074 4155 Erde
1100 4102 1157 4156 und
1183 4101 1247 4155 dem
1265 4100 1358 4154 Meere

195 4186 396 4241 ruhommende
414 4185 536 4240 Beiwort
553 4189 606 4251 δῖοι,
624 4185 791 4250 herrlicb‚
808 4184 860 4239 wie
872 4202 889 4238 τ
902 4191 959 4239 540.
978 4186 1048 4239 Zeus
1060 4185 1159 4239 sendet
1171 4185 1245 4239 diere
1257 4184 1358 4239 Wolhe

197 4271 280 4337 eben,
303 4288 350 4323 um
368 4269 449 4324 einen
468 4270 561 4324 Sturm
584 4287 630 4325 am
652 4269 775 4323 Himmel
796 4287 831 4322 zu
853 4268 1033 4324 verbreiten.’
1071 4268 1147 4334 Quae
1170 4268 1359 4339 distinguendi

196 4354 269 4410 ratio
288 4354 579 4426 quibuagargumentis
596 4351 833 4425 nitatur‚2nescio.
