3340 5164
829 355 980 453 Α

410 547 438 608 1.
472 549 513 608 Ac
541 546 764 607 tundamentum
793 545 914 626 quidem
942 545 1125 606 recensionis
1153 546 1218 605 cius
1239 543 1486 606 Zenodoteam

323 651 484 712 editionem
507 649 598 709 luisse
621 647 753 727 proclive
777 655 822 708 est
844 648 1005 726 suspicari,
1030 648 1070 706 ita
1094 645 1231 722 quidem,
1256 653 1288 706 ut
1309 645 1346 706 ab
1369 664 1404 705 ea
1427 665 1486 706 non

323 751 492 820 recederet,
521 752 580 810 nisi
608 767 675 810 cum
705 747 860 810 meliorem
882 748 1042 809 lectionem
1065 757 1115 808 aut
1142 749 1172 807 in
1201 749 1363 808 vetustiore
1387 765 1485 807 exem·

323 854 399 933 plari
421 853 572 913 iuvenisse
596 858 645 911 aut
667 852 731 928 ipse
747 851 929 927 excogitasse
953 849 1010 910 sibi
1028 848 1188 910 videretur.
1218 848 1336 909 Etenim
1351 850 1485 927 potuisse
1560 871 1565 879 ·

321 955 467 1014 llhiauum
490 952 566 1012 hanc
590 952 751 1013 editionem
774 960 841 1012 ante
864 949 966 1011 oculos
987 950 1098 1010 habere
1118 967 1229 1028 negare
1250 952 1319 1029 quis
1346 948 1485 1010 audebit?

321 1055 462 1118 habuisse
496 1071 566 1114 vero
597 1052 676 1114 illam
709 1060 739 1112 et
769 1054 800 1112 in
834 1070 919 1112 usum
954 1070 1038 1113 suum
1070 1054 1268 1121 convertisse,
1303 1070 1337 1111 ex
1372 1051 1485 1112 scholio

322 1156 357 1218 ad
379 1155 409 1218 Υ
430 1153 491 1218 331
514 1162 610 1235 patet:
634 1152 696 1216 καί
718 1171 782 1231 μιν
804 1151 1001 1230 φωνήεαε·
1024 1151 1112 1229 παρὰ
1132 1151 1309 1236 Ζηνοδότῳ
1331 1151 1393 1216 καί
1421 1172 1484 1230 μιν

322 1256 523 1337 νεικείων,
546 1254 633 1333 παρὰ
655 1253 770 1338 Ῥιανῷ
793 1253 862 1318 τὸν
891 1252 953 1316 καὶ
975 1252 1174 1329 νεικείων,
1203 1254 1254 1315 ubi
1278 1273 1314 1316 ex
1337 1254 1484 1314 Zenodoto

320 1358 453 1438 pendere
484 1358 592 1420 Rhiani
628 1355 864 1418 emendationem
903 1357 1053 1416 neminem
1092 1355 1196 1433 lugere
1236 1363 1344 1435 potest.
1388 1356 1483 1435 Atque

321 1463 438 1522 etiamsi
460 1460 515 1520 hoc
536 1459 706 1520 testimonio
729 1475 898 1528 careamus,
927 1475 1024 1518 nonne
1047 1475 1155 1536 perse
1184 1459 1245 1518 veri
1268 1457 1366 1518 simile
1390 1465 1485 1517 estet

321 1564 416 1642 ipsius
438 1563 482 1620 rei
499 1567 621 1620 naturae
637 1566 882 1628 consentaneum,
906 1566 1062 1638 postquam
1078 1558 1245 1620 Zenodotus
1267 1561 1299 1619 in
1316 1558 1483 1619 Homericis

321 1660 501 1724 carminibus
524 1660 718 1722 emendandis
738 1661 855 1739 primus
877 1661 1023 1720 rationem
1051 1659 1199 1740 quandam
1229 1668 1258 1719 et
1280 1667 1374 1722 artem
1398 1661 1481 1720 criti·

321 1783 384 1826 cam
419 1761 617 1831 adhibuisset,
652 1763 875 1838 grammaticos,
898 1762 950 1841 qui
979 1769 1046 1840 post
1080 1779 1149 1821 eum
1182 1763 1213 1822 in
1242 1761 1297 1822 hoc
1319 1761 1482 1821 studiorum

320 1883 431 1944 genere
454 1863 657 1932 elaborarent,
687 1862 723 1922 ab
751 1864 790 1922 iis
816 1863 966 1942 proiectos
996 1880 1075 1930 esse,
1104 1880 1179 1940 quae
1207 1864 1266 1924 iam
1295 1863 1482 1924 aZenodoto

321 1969 439 2028 iuventa
462 1973 492 2025 et
513 1966 544 2024 in
567 1963 698 2024 medium
721 1961 835 2043 prolata
864 1970 978 2032 essent,
1007 1969 1036 2023 et
1065 1966 1106 2024 ita
1128 1965 1158 2023 in
1188 1970 1270 2024 textu
1298 1963 1482 2024 emendando

321 2087 351 2129 se
374 2069 517 2146 gessisse,
543 2072 574 2124 ut
597 2082 651 2144 pro
673 2057 1000 2124 fundamento'suarum
1016 2067 1226 2132 recensionem
1249 2065 1329 2126 illius
1350 2065 1482 2126 editione

321 2168 497 2230 uterentur?
520 2165 682 2227 Aristarchi
706 2165 826 2245 quidem
850 2167 1036 2226 recensionis
1057 2165 1180 2226 fundum
1203 2167 1296 2227 luisse
1311 2166 1481 2246 Aristopha-

320 2289 406 2332 neam
429 2271 453 2329 si
477 2270 576 2328 minus
598 2276 728 2334 certum,
752 2275 782 2326 at
804 2285 946 2347 perquam
968 2267 1124 2346 probabile
1152 2274 1211 2327 est:
1234 2268 1290 2328 clr.
1315 2268 1483 2328 Beccardns

320 2371 338 2432 Ι.
353 2372 372 2432 l.
388 2391 418 2450 p.
434 2365 476 2429 49
492 2387 521 2428 n.
540 2363 589 2427 12.
613 2366 829 2444 Sengebuscbii
845 2367 929 2428 Hom.
954 2367 1023 2428 diss.
1047 2369 1060 2429 1
1075 2388 1104 2447 p.
1120 2364 1172 2429 25.
1204 2367 1260 2428 Sed
1286 2369 1357 2429 haec
1380 2389 1482 2451 quam·

320 2491 408 2552 quarn
429 2473 470 2530 ita
498 2487 530 2529 se
551 2467 678 2537 habeut,
706 2475 806 2529 tamen
835 2469 910 2529 hauc
932 2471 1110 2530 sententiam
1139 2489 1263 2549 prorsus
1290 2489 1390 2532 veram
1417 2489 1481 2531 esse

320 2571 499 2634 contendere
529 2587 588 2630 uon
616 2571 726 2638 ausim,
760 2572 870 2649 quippe
897 2572 946 2630 cui
981 2571 1011 2631 id
1040 2573 1227 2649 potissimum
1256 2570 1368 2642 obstet,
1403 2573 1480 2653 quod

320 2672 501 2741 Zenodotus,
525 2673 577 2750 qui
600 2672 672 2731 satis
694 2670 834 2733 audacter
862 2674 923 2750 egit
945 2674 975 2731 in
999 2671 1135 2733 versibus
1158 2673 1349 2743 damnandis,
1374 2675 1481 2734 multos

320 2794 424 2837 versus
445 2777 477 2834 iu
500 2774 675 2834 recensione
704 2791 756 2833 sua
779 2775 901 2834 omnino
924 2773 1066 2851 neglexit.
1096 2776 1148 2852 qui
1175 2776 1207 2835 in
1230 2774 1362 2835 llhianea
1386 2777 1479 2835 luisse

319 2877 442 2956 putandi
476 2880 559 2935 sunt:
593 2875 694 2951 itaque
723 2876 816 2935 tutius
850 2877 908 2934 erit
934 2875 1009 2936 nihil
1037 2875 1164 2954 amplius
1194 2877 1358 2944 allirmare,
1392 2895 1480 2955 quarn

320 2978 468 3037 Rhianum
491 2973 571 3035 illius
593 2976 800 3036 recensionem
823 2974 1050 3036 celeberrimam
1075 2978 1249 3055 inspexisse.

404 3073 434 3138 2.
465 3076 596 3136 Alteram
619 3075 793 3144 editionem,
817 3096 874 3156 qua
890 3076 1037 3137 llhiauum
1060 3095 1145 3137 usum
1169 3095 1232 3138 esse
1256 3077 1401 3140 credibile
1423 3088 1478 3148 est,

320 3200 353 3240 ea
376 3180 449 3246 luit,
472 3195 548 3256 quae
570 3175 767 3237 Pisistrati
790 3179 873 3238 iussu
895 3184 997 3258 parata
1020 3185 1050 3238 et
1072 3181 1197 3239 vetustis
1219 3179 1330 3240 Ionicis
1352 3180 1479 3240 elemen-

320 3283 359 3341 tis
383 3277 412 3358 (ἡ
435 3274 569 3355 ἀρχαϊκή
586 3275 724 3355 annecto)
748 3281 859 3357 scripta
882 3287 955 3340 erat.
1002 3279 1123 3340 Constat
1145 3282 1224 3340 enirn
1246 3282 1339 3341 luisse
1363 3299 1426 3342 eam
1449 3284 1479 3341 in

319 3386 462 3462 apparatu
485 3380 604 3446 critico,
629 3381 679 3457 qui
701 3379 853 3441 Zenodoto
875 3389 994 3460 praesto
1018 3389 1107 3442 esset.
1138 3381 1279 3442 Proditur
1301 3400 1392 3462 porro
1414 3401 1478 3442 cer·

319 3486 357 3544 tis
379 3481 513 3550 indictis,
537 3465 660 3540 eandem
684 3482 772 3542 etiam
796 3482 1002 3544 Aristarchum
1025 3482 1188 3542 admovisse
1211 3484 1248 3544 ad
1270 3501 1353 3543 suam
1375 3501 1479 3544 recen-

318 3588 431 3646 sionem
465 3581 689 3643 instituendam.
744 3582 942 3654 Quamobrem
982 3601 1049 3644 curn
1083 3584 1153 3644 inde
1193 3584 1230 3644 ab
1266 3602 1300 3644 eo
1336 3594 1478 3663 tempore,

319 3703 377 3765 quo
406 3685 556 3745 Zenodoto
584 3702 648 3744 earn
678 3684 760 3744 adire
788 3685 888 3754 licuit,
919 3703 1012 3766 usque
1042 3686 1077 3746 ad
1107 3686 1271 3746 Aristarchi
1300 3692 1425 3746 aetatem
1448 3689 1479 3746 in

318 3785 498 3846 bibliotheca
520 3785 757 3845 Ptolemaeorum
781 3793 873 3853 esset,
897 3786 1029 3846 Rhianus
1046 3787 1150 3863 quidni
1174 3789 1209 3848 ad
1234 3805 1297 3848 earn
1314 3787 1478 3857 accederet,

318 3887 494 3967 praesertim
517 3904 584 3945 curn
607 3885 644 3944 ob
668 3903 811 3946 summam
833 3893 1010 3947 vetustatem
1033 3888 1068 3948 ad
1093 3895 1188 3949 textus
1203 3889 1355 3949 Homerici
1378 3908 1479 3949 emen·

317 3990 464 4049 dationem
487 3987 654 4060 gravissimi
671 3990 812 4048 rnonrenti
827 3997 906 4050 esset
929 3998 958 4049 et
980 3988 1017 4049 ob
1034 3992 1185 4049 raritatem
1202 3991 1267 4050 sine
1283 3989 1374 4050 dubio
1389 3993 1479 4050 etiarn

318 4093 414 4151 maius
442 4089 586 4148 excitaret
613 4091 872 4165 grammaticorum
902 4089 1102 4150 desiderium?
1139 4090 1196 4151 Sed
1224 4091 1295 4170 quid
1325 4109 1425 4151 moror
1448 4093 1479 4150 in

319 4189 548 4251 demonstranda
572 4187 797 4269 probabilitate,
821 4209 889 4250 curn
912 4193 1069 4270 perspicua
1093 4199 1209 4251 exstent
1232 4192 1356 4259 indicia,
1380 4194 1477 4272 inspe-

317 4295 395 4352 xisse
422 4290 571 4352 Rhianum
606 4290 730 4350 eandem
765 4290 927 4352 editionem
954 4292 1173 4362 Pisistrateam,
1203 4311 1279 4373 quae
1307 4293 1480 4354 Aristarcho
