3340 5164
835 401 986 498 ‘oo—

330 585 458 662 ἔπεεεν,
488 584 558 650 εἶτα
585 585 689 667 ἀφῆκε
717 587 754 651 τὸ
782 588 951 668 πηδάλιον.
979 587 1132 657 BHPQ.
1177 587 1273 647 Huius
1302 590 1492 650 coniecturae

329 689 437 770 duplex
466 692 592 767 cogitari
621 698 718 770 potest
746 710 844 752 causa.
889 693 930 752 hc
962 693 1092 771 primum
1122 689 1244 768 quidem
1272 687 1385 768 αὐτόε,
1413 692 1492 769 quod

328 794 392 866 epse
426 793 586 869 significat,
622 792 698 852 male
736 793 833 852 affecit
866 793 973 853 Rhiaui
1007 791 1166 862 iudicium,
1200 791 1270 870 quia
1303 790 1493 851 desiderabat

328 892 407 971 quod
435 895 463 952 ei
496 902 563 972 apte
592 901 809 973 opponeretur;
844 901 873 954 at
902 896 1054 973 aptissima
1083 898 1129 953 est
1157 899 1187 951 et
1213 891 1335 952 Homeri
1365 895 1492 953 maxime

326 997 455 1076 propria
472 995 548 1055 ratio
571 1013 621 1064 ea,
650 1013 709 1074 qua
731 997 812 1055 inter
830 1014 872 1056 se
895 1001 1087 1074 opponuntur
1118 991 1215 1056 αὐτὸ(
1242 991 1316 1055 πέεε
1345 1000 1375 1053 et
1396 991 1491 1069 μέεον

326 1094 363 1156 δέ
396 1092 426 1157 oi
455 1092 543 1158 ἱετὸν
576 1093 648 1161 ἔαξε
679 1094 812 1177 θύελλα,
844 1104 878 1157 ut
900 1096 1070 1157 Nitzsohius
1092 1095 1119 1155 ll
1151 1114 1181 1173 p.
1204 1090 1245 1154 49
1278 1097 1491 1154 sententiarum

327 1215 443 1257 conexu
470 1205 552 1258 recte
580 1207 738 1278 perspecto
770 1198 928 1268 indicavit;
961 1215 1017 1257 nec
1051 1215 1121 1256 vero
1149 1198 1308 1276 quicquam
1336 1196 1492 1274 proficitur

326 1299 436 1360 Rhiani
460 1298 601 1369 medella,
625 1302 765 1379 quoniam
790 1295 888 1361 αὐτόν
918 1299 996 1379 apud
1019 1298 1179 1358 Homerum
1201 1315 1261 1356 non
1283 1297 1366 1374 idem⁸
1390 1305 1435 1357 est
1457 1316 1492 1358 ac

326 1398 377 1477 μίν
385 1447 395 1481 ‚
418 1400 469 1460 sed
492 1400 668 1479 plerumque
691 1403 756 1476 ipse
778 1399 863 1461 valet.
907 1399 1006 1461 Altera
1028 1417 1115 1460 causa
1145 1417 1181 1458 ex
1204 1397 1303 1458 verbis
1325 1399 1355 1457 in
1379 1397 1491 1458 scholio

325 1500 433 1561 additis
455 1502 654 1578 cognoscitur.
699 1501 799 1561 Posito
828 1503 908 1562 enim
930 1498 1028 1562 αὐτὸ(
1057 1499 1132 1562 nice
1159 1501 1243 1578 prius
1265 1498 1364 1559 Vlixes
1386 1499 1490 1577 procul

326 1622 342 1663 a
365 1603 432 1662 nari
454 1604 486 1661 in
510 1621 592 1662 mare
615 1602 765 1671 incidere,
794 1611 856 1663 tum
884 1602 1119 1679 gubernaculum
1142 1619 1158 1660 e
1181 1599 1318 1662 manibus
1340 1599 1489 1661 dimittere

326 1703 450 1772 dicitur,
474 1721 666 1764 cumrerum
689 1703 762 1764 ordo
785 1703 930 1783 postulet,
955 1710 986 1764 ut
1001 1704 1124 1764 dimisso
1147 1703 1265 1762 demum
1287 1701 1491 1780 gubernaculo

324 1807 356 1864 in
379 1823 460 1865 mare
484 1805 619 1865 incidere
643 1811 792 1865 narretur.
837 1802 900 1874 Qua
923 1805 1122 1884 repugnantia
1146 1803 1275 1863 offensus
1297 1802 1431 1864 Rhianus
1452 1804 1490 1865 ad

324 1908 526 1966 coniecturam
549 1906 698 1984 confugit,
723 1907 773 1967 sed
797 1925 886 1986 quam
907 1909 939 1967 in
962 1905 1062 1967 verbis
1091 1909 1188 1966 inesse
1212 1905 1389 1984 opinabatur
1411 1904 1488 1965 dilli-

322 2007 460 2067 cultatem
485 2007 713 2086 haudquaquam
736 2009 868 2077 sustulit,
892 2027 959 2068 cum
976 2009 1093 2068 etiamsi
1116 2007 1247 2067 audieris
1268 2005 1343 2082 τῆλε
1366 2004 1400 2067 b'
1422 2003 1489 2068 ἀπὸ

323 2107 446 2185 εχεδίη(
468 2105 568 2171 αὐτὸν
591 2106 668 2186 βάλε
692 2107 868 2187 (thaimo),
892 2107 1006 2169 Vlixem
1028 2108 1132 2188 procul
1155 2127 1171 2168 a
1193 2109 1260 2168 navi
1283 2110 1313 2168 in
1337 2126 1418 2168 mare
1441 2111 1487 2168 in-

323 2210 472 2270 cidentem
494 2212 673 2287 cogitatione
697 2209 752 2271 tibi
774 2197 883 2288 fingasi
907 2210 1065 2285 nantoide
1081 2228 1152 2270 voce
1175 2212 1205 2270 in
1221 2211 1370 2289 principio
1393 2227 1487 2269 enun-

323 2313 385 2372 tiati
406 2313 505 2390 posita
528 2312 671 2380 eitioitur,
695 2319 729 2371 ut
750 2330 809 2372 non
829 2320 891 2400 tam
908 2311 992 2372 verbi
1009 2310 1084 2389 βάλε
1100 2313 1246 2371 actionem
1269 2314 1373 2391 ipsam,
1398 2329 1488 2390 quani

323 2414 450 2472 actionis
471 2413 561 2472 finem
585 2419 774 2473 elevantum
797 2415 897 2472 animo
920 2415 1081 2492 concipias,
1127 2413 1185 2472 Sed
1208 2432 1245 2473 ne
1269 2431 1342 2492 opus
1364 2413 1487 2492 quidem

320 2524 366 2574 est
387 2513 446 2574 ulla
469 2513 692 2585 emendatione;
725 2517 792 2593 quis
818 2516 898 2575 enim
926 2523 971 2574 est
999 2515 1071 2593 quin
1100 2520 1205 2594 sponte
1228 2515 1394 2592 intellegat,
1428 2515 1486 2574 hoc

319 2617 385 2676 loco
406 2615 452 2684 id,
482 2614 560 2694 quod
588 2615 715 2694 primum
739 2623 770 2675 et
792 2632 978 2692 summopere
1008 2617 1097 2676 leriat
1124 2616 1273 2677 audientis
1300 2618 1430 2676 animum
1454 2626 1486 2676 et

318 2720 350 2776 in
379 2735 438 2796 quo
466 2718 594 2776 maxime
624 2724 763 2776 cernatur
792 2719 935 2777 irruentis
962 2717 1059 2777 undae
1088 2717 1291 2787 vehementia,
1320 2721 1484 2797 praemitti,

318 2825 432 2888 cetera,
461 2837 537 2897 quae
561 2809 650 2878 simul
678 2819 723 2877 vel
752 2821 841 2879 etiam
864 2827 949 2880 antea
977 2821 1147 2888 evenerint,
1176 2821 1342 2898 posteriora
1366 2822 1483 2881 narrari

318 2940 355 2980 ex
377 2919 591 2980 consuetudine
614 2919 664 2980 illa
688 2919 844 2999 loquendi,
868 2939 956 3000 quam
972 2917 1105 2997 ὕετερον
1128 2919 1288 2998 πρότερον
1311 2924 1372 2980 sive
1395 2940 1483 2998 πρω-

317 3019 469 3097 θύετερον
492 3023 678 3102 grammatici
695 3021 862 3101 appellant?
885 3022 976 3083 Cuius
989 3005 1103 3099 figurae
1124 3041 1195 3083 usus
1211 3042 1269 3084 non
1287 3023 1380 3083 solum
1403 3023 1482 3103 apud

316 3123 478 3183 Homerum
500 3123 644 3183 latissime
666 3132 761 3202 patet,
785 3123 837 3183 sed
860 3124 933 3185 adeo
955 3141 1080 3201 graecae
1103 3124 1221 3202 linguae
1245 3125 1404 3186 familiaris
1426 3134 1480 3195 est,

295 3251 296 3256 ¹
318 3232 350 3284 ut
371 3224 449 3303 apud
471 3242 576 3303 prosae
599 3242 717 3303 quoque
740 3227 885 3286 orationis
908 3226 1071 3302 scriptores
1093 3228 1265 3303 saepissime
1297 3229 1479 3287 inveniatur:

316 3326 351 3385 de
380 3343 437 3406 qua
465 3343 498 3384 re
533 3323 672 3402 ablegare
702 3325 780 3385 iuvat
814 3326 945 3404 legentes
980 3328 1016 3387 ad
1044 3326 1174 3388 Classeni
1202 3331 1480 3390 commentationem

315 3428 566 3505 elegantissimam
593 3424 851 3488 observationibus
880 3427 915 3488 de
945 3428 1103 3489 Homerica
1132 3429 1298 3491 elocutione
1327 3433 1479 3500 insertam,

314 3548 372 3609 qua
400 3529 469 3589 inde
498 3547 514 3588 a
542 3547 570 3607 p.
593 3523 657 3588 200
693 3545 761 3588 eum
789 3548 875 3589 usum
905 3548 941 3590 ex
971 3531 1153 3592 Graecorum
1183 3532 1332 3592 sentiendi
1361 3533 1478 3591 ratione

314 3633 469 3708 ingeniose
493 3629 617 3690 deduxit
639 3636 668 3689 et
689 3636 865 3709 persecutus
887 3638 942 3692 est.

263 3729 306 3794 32
400 3730 475 3792 Huic
508 3731 572 3790 loco
605 3731 785 3809 subiungere
818 3733 916 3812 placet
945 3731 1067 3803 vait,
1101 3734 1152 3794 uhi
1185 3734 1319 3795 Rhianus
1352 3735 1476 3794 eandem

313 3833 437 3908 figuram
460 3831 577 3892 videtur
604 3825 708 3911 parum
737 3837 940 3910 perspexisse:
974 3837 1106 3910 videtur,
1141 3838 1276 3915 inquam;
1311 3855 1378 3896 nam
1408 3855 1475 3895 oum

317 4003 510 4011 --——-—---—-

312 4102 369 4165 tur,
389 4097 464 4166 quod
486 4099 522 4152 ad
539 4099 626 4153 talem
648 4099 807 4169 opinionem
830 4117 926 4154 ansam
948 4102 1092 4170 praebeat.
1128 4102 1182 4156 Cur
1199 4105 1293 4157 autem
1310 4103 1379 4156 illud
1396 4103 1474 4158 scho-

310 4183 368 4238 lion
385 4183 422 4238 ad
439 4199 465 4235 v.
483 4188 532 4237 313
551 4183 757 4252 demigrarent,
775 4184 803 4237 in
820 4185 970 4255 propatulo
993 4187 1048 4240 est:
1073 4187 1205 4241 librarius
1228 4188 1302 4241 enim
1325 4190 1373 4241 aut
1391 4188 1474 4256 spatii

311 4268 447 4336 angustiis
466 4270 577 4322 coactus
595 4270 658 4322 erat
675 4269 724 4321 aui
743 4283 808 4322 voce
826 4274 900 4337 κῦμα
919 4270 1051 4338 deceptus
1069 4271 1193 4324 scholion
1216 4272 1252 4326 ad
1274 4273 1346 4326 huno
1364 4288 1474 4326 versum

310 4351 450 4420 portinere
468 4352 539 4406 falso
557 4353 733 4422 opinabatur.
