3340 5164
699 407 849 506 .-eL

190 603 403 680 imperativus,
440 620 464 661 π
501 596 561 660 199
598 599 921 680 plusquamperfectum
959 606 1025 668 est,
1064 619 1079 660 a
1118 601 1208 662 verbo
1246 599 1355 682 έννυμι

190 702 360 764 descendat.

273 808 289 869 ξ
311 799 383 866 522.
414 804 447 864 ln
469 805 527 864 line
551 803 684 864 eiusdem
706 803 794 875 libri,
819 802 870 863 ubi
891 803 992 864 Vlixes
1014 805 1091 884 apud
1115 806 1279 867 Eumaeum
1301 801 1384 869 dte-b

190 905 329 967 cubuisse
353 914 505 974 narratur,
531 905 673 983 legimus:

231 1004 295 1067 520
652 1004 703 1068 ἐπὶ
725 1006 761 1070 δέ
784 1007 921 1083 χλαῖναν
945 1005 1040 1085 βάλεν
1063 1006 1151 1088 αὐτῷ

340 1107 463 1185 πυκνὴν
486 1107 537 1170 καὶ
559 1105 714 1187 μεγάλην,
737 1105 756 1184 ἥ
780 1106 811 1170 οἱ
833 1106 1037 1184 παρεκέτκετ’
1059 1106 1209 1191 ἀμοιβάς,

340 1196 541 1290 toracem,
563 1207 618 1272 ὅτε
640 1228 686 1272 τι(
708 1207 827 1286 χειμὼν
850 1207 1010 1283 έκπαγλοτ
1032 1207 1151 1287 ὄροιτο.

190 1313 287 1374 Schol.
322 1309 551 1389 Ἀριττοφάνητ
585 1309 634 1373 καὶ
661 1308 788 1374 Ῥιανὸε
821 1307 1016 1390 εἴνυεθαι,
1049 1311 1094 1374 ὼε
1130 1311 1168 1375 τὸ
1198 1313 1291 1391 «θριξὶ
1319 1316 1354 1380 δὲ

188 1411 294 1477 πάντα
314 1412 409 1477 νέκυν
438 1409 647 1475 καταείνυον»
678 1411 718 1492 (Ψ
747 1408 828 1490 135).
859 1412 894 1472 ll.
924 1410 995 1472 lnde
1024 1415 1047 1474 si
1072 1414 1250 1476 concludere
1272 1417 1353 1487 licet,

188 1517 336 1576 Rhianum
359 1514 435 1574 banc
458 1515 583 1573 immam
604 1532 658 1593 pro
686 1517 818 1592 genuina
847 1521 876 1574 et
898 1513 1021 1575 Homeri
1050 1518 1173 1595 propria
1200 1517 1351 1588 habuisse,

188 1620 278 1677 etiam
294 1616 382 1696 paulo
397 1623 483 1676 antea
500 1635 525 1676 v.
542 1611 606 1676 514
621 1618 790 1696 ceterisque
806 1617 837 1676 in
853 1615 998 1685 versibus
1016 1619 1047 1676 iu
1062 1617 1174 1695 quibus
1189 1619 1292 1679 eadem
1309 1621 1353 1681 vel

187 1719 302 1779 similes
329 1719 440 1778 lormae
470 1719 662 1796 reperiuntur
691 1719 716 1795 (Z
744 1713 785 1778 28
813 1714 975 1797 ένννεθαι,
1004 1713 1115 1779 ε229.
1144 1715 1217 1779 230.
1252 1717 1354 1782 κ543

187 1818 311 1898 ἕννυτο)
336 1819 461 1880 eandem
484 1821 679 1879 mutationem
703 1818 875 1880 adhibuisse
892 1819 1058 1880 censendus
1080 1830 1141 1890 est;
1164 1819 1250 1880 aliter
1274 1825 1353 1882 enim

187 1941 245 1982 non
268 1920 469 1998 intellegitur,
494 1939 548 1980 cur
570 1920 626 1980 hoc
648 1921 841 2000 potissimum
864 1920 930 1980 loco
958 1923 1079 2000 erponi
1107 1939 1194 1999 quam
1217 1940 1235 1983 ν
1258 1926 1353 2000 gemi-

186 2026 252 2084 nari
275 2023 424 2083 maluerit.
469 2020 531 2091 Qua
554 2024 585 2081 in
613 2040 645 2083 re
669 2023 847 2083 temeritatis
875 2041 942 2082 eum
972 2023 1145 2083 insimulare
1170 2027 1302 2084 vetamur
1324 2033 1354 2086 et

185 2142 333 2184 consensu
356 2119 607 2202 Aristophanis²⁸l
630 2130 660 2183 et
682 2124 817 2203 exemplo
839 2143 856 2184 a
879 2123 1035 2185 scholiasta
1050 2123 1137 2184 allato
1153 2123 1352 2206 καταείνυον,

185 2225 264 2306 quod
287 2225 496 2304 imperfectum
519 2223 603 2284 verbi
626 2223 815 2287 καθεννύναι
844 2233 905 2295 est,
935 2226 981 2285 cui
1010 2225 1079 2285 addi
1106 2234 1205 2304 potest
1228 2224 1352 2290 ἐπείνυ-

185 2331 254 2391 εθαι
276 2328 371 2388 iorma
394 2327 493 2387 Ionica
517 2343 573 2406 pro
594 2323 787 2404 ἐφέννιιεθαι
809 2327 886 2406 apud
908 2326 1018 2387 berou.
1042 2327 1080 2387 lV
1108 2324 1160 2388 64.
1198 2327 1257 2388 Sed
1279 2329 1353 2390 haec

184 2432 249 2509 ipsa
273 2428 409 2508 exempla
430 2428 505 2488 mihi
529 2428 747 2490 dubitationem
770 2437 904 2499 movent,
934 2447 1005 2489 num
1035 2425 1174 2491 εἴνυεθαι
1203 2437 1285 2490 recte
1313 2432 1353 2491 sit

184 2549 253 2592 cum
276 2533 384 2610 spiritu
407 2531 468 2590 leni
490 2533 651 2610 scriptum;
681 2532 736 2591 hoc
759 2533 838 2591 enim
863 2548 960 2611 neque
984 2549 1020 2590 ex
1041 2527 1231 2596 καταείνυον
1253 2550 1350 2611 neque

184 2651 221 2693 ex
244 2630 424 2695 έπείνιιεθαι
453 2633 518 2691 iure
547 2632 647 2710 colligi
678 2639 793 2712 potest,
829 2651 896 2715 cum
926 2630 1055 2695 ἑννύναι
1084 2633 1160 2711 apud
1188 2633 1350 2694 Homerum

184 2736 334 2812 digammo
358 2736 536 2799 instructum
560 2736 599 2794 sit
623 2733 686 2811 (clr.
704 2734 739 2794 G.
764 2733 887 2794 Curtii
915 2740 1006 2812 etym.
1031 2751 1076 2810 gr.
1101 2733 1146 2793 ed.
1170 2734 1198 2794 ll
1218 2754 1249 2814 p.
1264 2731 1349 2812 338),

184 2839 215 2897 in
238 2835 404 2896 recentiore
420 2840 519 2895 autem
543 2834 669 2896 dialecto
691 2835 805 2904 lonico,
829 2852 885 2913 qua
909 2834 1076 2894 Herodotus
1098 2837 1200 2906 utitur,
1223 2854 1349 2916 praepo·

183 2939 305 2999 sitiones
327 2955 395 2997 cum
418 2935 517 2997 verbis
540 2939 720 3014 compositas
748 2954 851 2996 carere
880 2937 1059 3013 aspiratione
1088 2943 1212 2998 constet.
1257 2937 1350 2998 lmmo

184 3057 255 3099 vero
282 3041 393 3099 scimus
421 3039 507 3099 lones
536 3039 647 3099 dixisse
671 3035 804 3102 εἱνύναιε
838 3038 912 3117 quid
941 3039 1034 3115 igitur
1070 3056 1175 3098 causae
1204 3041 1348 3118 reperias,

184 3160 238 3202 cnr
260 3141 409 3201 llomerus
430 3142 643 3220 aspirationem
665 3139 819 3200 omiserit?
855 3139 957 3199 Potuit
984 3147 1082 3200 autem
1104 3139 1238 3200 erianus
1261 3143 1349 3202 etlam

183 3243 272 3303 buius
300 3241 438 3303 lectionis
466 3242 719 3302 confirmationem
742 3259 889 3319 quaerere
911 3259 947 3300 ex
970 3240 1157 3302 Pisistratea:
1191 3260 1258 3302 nam
1282 3261 1350 3304 cum

184 3347 305 3424 antiquo
333 3343 384 3404 illo
413 3352 546 3421 tempore
575 3361 672 3422 neque
700 3343 818 3403 litterae
846 3344 995 3420 geminari
1023 3341 1096 3404 οιΕ
1124 3361 1179 3422 pro
1207 3332 1348 3405 ascribi

183 3445 308 3513 soleret.
333 3442 498 3507 ΕΝΥΕΘΑΙ
523 3433 578 3524 pro
600 3441 738 3507 εἴνιιεθαι
761 3446 899 3523 accipere
922 3445 1035 3505 nemini
1057 3462 1116 3504 non
1145 3442 1262 3506 licebat.

268 3547 313 3609 Ex
345 3547 450 3607 eodem
483 3547 565 3607 sonte
597 3547 723 3606 tortasse
754 3547 966 3625 repetendum,
1001 3546 1079 3625 quod
1112 3545 1245 3606 Rhianus
1268 3549 1284 3611 ζ
1305 3543 1379 3607 466

182 3648 277 3711 scribi
301 3648 406 3717 voluit,
430 3647 482 3708 ubi
504 3648 647 3728 Olympus
668 3648 716 3708 his
738 3646 874 3708 versibus
896 3646 1092 3707 describitur:

335 3746 528 3829 (Οὔλυμποε)
552 3746 625 3812 οὔτ’
647 3746 790 3826 ἀνέμοιει
811 3746 985 3812 τινάτεεται
1007 3745 1083 3811 οὔτε
1105 3746 1184 3810 ποτ’
1207 3745 1316 3830 ὄμβρῳ

311 3849 435 3913 δεύεται
459 3847 533 3913 οὔτε
557 3849 636 3928 χιὼν
659 3848 875 3930 ἐπιπίλναται,
899 3847 983 3913 ἀλλὰ
1005 3847 1082 3928 μάλ’
1104 3845 1196 3928 αἴθρη

223 3951 266 4014 45
309 3949 465 4015 πέπταται
487 3949 664 4032 ἀνέφελος,
688 3950 783 4027 λευκὴ
807 3950 840 4013 δ’
862 3949 1070 4029 ἐπιδέδρομεν
1093 3948 1197 4027 αἴγλη.

309 4058 360 4135 τῷ
382 4052 431 4119 ἔνι
452 4051 625 4132 τέρπονται
646 4050 784 4131 μάκαρεε
806 4052 874 4114 θεοὶ
895 4050 998 4130 ἤματα
1019 4049 1134 4115 πάντα.

250 4292 294 4356 28)
312 4289 385 4358 Aug.
406 4286 579 4342 Nauckius
600 4286 619 4339 l.
645 4287 711 4356 lp.
730 4291 762 4340 47
780 4287 837 4340 not.
856 4291 889 4340 55
914 4287 1018 4356 probel
1043 4285 1115 4340 hano
1141 4287 1259 4340 formam
1286 4286 1347 4340 coll.

181 4374 269 4430 εινύω
288 4371 415 4428 entatu.
433 4391 460 4442 p.
480 4378 558 4440 moa,
576 4377 617 4425 αι.
637 4377 711 4439 1871,
729 4376 770 4426 aa.
788 4370 879 4439 atym.
897 4370 933 4424 M.
951 4389 978 4440 ρ,
997 4376 1046 4423 τοι
1058 4371 1077 4423 f.
