3340 5164
896 379 938 482 40

339 575 468 657 itemque
490 573 546 638 hae
569 575 698 644 lormae,
727 593 802 656 quae
826 593 1002 656 quamquam
1026 577 1102 655 apud
1126 577 1287 638 Homerum
1317 577 1415 656 ipsum
1443 595 1504 640 non

339 679 548 748 inveniuntur,
579 697 637 739 non
666 686 798 756 pugnant
825 685 1014 739 tamencum
1039 680 1104 738 eius
1127 678 1253 739 dialecto
1275 678 1455 755 πελόμεεθα
1478 681 1502 741 l.

341 781 373 850 1,
401 779 433 851 1,
457 777 596 856 πορὲωα
619 779 640 840 1.
667 777 695 848 1,
719 777 747 847 1,
771 777 918 854 ἐκγένετο
935 782 967 841 A.
993 779 1020 851 1,
1043 777 1073 850 2,
1102 799 1156 859 pro
1178 799 1237 859 quo
1260 779 1407 841 Homerus
1429 782 1505 842 dicit

337 901 406 943 cum
429 891 588 960 augmento
610 879 798 956 ἐξεγένοντο
825 881 847 943 Ε
869 879 939 943 631.
961 879 990 943 Ξ
1014 877 1082 944 115.
1110 880 1139 944 Υ
1160 878 1231 942 231.
1254 878 1326 942 305.
1348 915 1389 926 —-
1413 883 1503 943 Par-

338 985 477 1045 ticulas
499 983 588 1044 hahet
610 984 738 1043 Homero
760 985 898 1062 proprias
920 979 1000 1060 ἀτάρ
1015 983 1070 1043 Th.
1086 978 1123 1063 2,
1145 980 1245 1060 αὐτάρ
1262 991 1292 1044 et
1306 981 1354 1045 ἰδέ
1376 983 1501 1054 ibidem,

337 1084 375 1162 ἠέ
397 1087 419 1147 l.
446 1086 478 1155 l,
505 1081 558 1154 15,
587 1081 692 1162 ἦᾶρα
719 1082 758 1161 δή
781 1084 803 1144 l.
828 1082 861 1153 1,
891 1083 908 1144 1
933 1081 998 1163 (cir.
1024 1083 1048 1146 Ν
1071 1080 1160 1165 446),
1184 1083 1218 1146 κε’
1240 1085 1264 1145 Ι.
1291 1083 1317 1155 l,
1341 1082 1371 1145 3.
1395 1081 1425 1146 9.
1451 1083 1502 1154 16.

338 1184 390 1249 ὅθι
410 1204 445 1250 τε
467 1187 490 1247 1.
516 1184 543 1256 1,
568 1183 596 1257 1,
627 1183 668 1262 ῥά
696 1204 763 1246 cum
790 1185 912 1246 relativo
939 1189 1114 1266 pronomine
1143 1189 1334 1247 coniunctum
1358 1187 1391 1246 A.
1417 1183 1444 1256 1,
1467 1183 1499 1257 3,

335 1289 391 1350 Tlr.
416 1285 446 1350 3.
472 1286 499 1358 1,
522 1321 565 1332 -
586 1288 677 1348 Prae
685 1289 900 1366 positiones
927 1290 1081 1368 usurpavit
1103 1288 1260 1349 Homerica
1283 1287 1500 1349 consuetudine

335 1388 410 1453 ποτί
432 1389 488 1450 Th.
514 1386 561 1458 13,
591 1385 656 1464 πάρ
678 1387 716 1447 Μ.
739 1384 775 1457 3;
805 1388 1015 1450 adverbialiter
1037 1392 1137 1470 posuit
1165 1387 1221 1452 (ὺν
1250 1387 1286 1451 δέ
1309 1389 1364 1450 Th.
1387 1386 1408 1450 3
1432 1390 1499 1466 (clr.

334 1490 364 1555 Ψ
386 1487 458 1552 819.
481 1511 500 1553 κ
520 1486 594 1570 436)
619 1497 647 1550 et
670 1486 721 1552 ἐπί
743 1489 765 1549 l.
795 1487 822 1559 1,
846 1486 881 1560 9;
904 1491 1124 1552 collocationem
1148 1493 1282 1552 imitatus
1305 1495 1349 1550 est
1370 1488 1439 1561 11,
1459 1487 1500 1552 18

334 1590 432 1675 ἄκρῃ(
453 1590 489 1656 ἐν
512 1591 685 1672 repulsatur
708 1597 737 1650 et
752 1591 775 1651 1.
785 1588 812 1651 ’2
833 1588 971 1668 αὐχένος
993 1591 1026 1658 ἐξ
1048 1590 1200 1662 ὑπάτοιο;
1223 1592 1423 1672 anastrophen
1446 1592 1498 1652 ad-

335 1696 417 1756 misit
439 1695 493 1755 Th.
520 1691 547 1764 1,
570 1690 592 1754 5
614 1694 671 1754 τοῦ
694 1690 727 1754 δ’
749 1688 832 1773 ἄπο,
855 1696 962 1754 tmesin
985 1691 1086 1773 1.1,4
1107 1692 1293 1773 puxdpeccrv
1315 1692 1368 1756 ἐπὶ
1389 1691 1500 1770 ψόγον

334 1795 427 1860 αἰνὸν
456 1793 560 1859 ἰάπτει
582 1803 612 1855 et
634 1793 708 1854 ibid.
735 1790 773 1854 16
795 1793 866 1871 μετ’
888 1792 1091 1858 ἀθανάτοιειν
1115 1793 1266 1873 ἀρίθμιοε.
1288 1829 1331 1839 -
1352 1797 1498 1855 Articu-

333 1899 393 1959 lus
415 1914 534 1976 semper
557 1897 782 1956 demonstrativi
806 1899 991 1976 pronominis
1014 1897 1110 1957 locum
1125 1905 1223 1959 tenet:
1245 1895 1296 1960 τοὶ
1317 1894 1352 1958 δ’
1374 1896 1429 1957 Th.
1447 1894 1498 1966 11,

332 2001 390 2062 τοῦ
413 1996 449 2062 δέ
472 1998 505 2057 A.
531 1997 558 2067 1,
581 1993 611 2067 2,
644 1996 703 2073 τήν
730 2015 766 2071 γε
795 1997 850 2057 Th.
876 1997 903 2067 1,
930 1998 957 2068 1,
980 1996 999 2061 ὁ
1022 1997 1056 2061 δ’
1077 1995 1118 2060 οὗ
1141 1977 1296 2061 τέκε’11].
1321 1995 1354 2069 1,
1377 1994 1414 2068 4,
1437 1999 1499 2060 τοῦ

332 2099 363 2164 δ’
389 2098 455 2163 ἄπο
478 2099 533 2160 Th.
559 2099 586 2168 1,
610 2095 640 2168 5,
664 2097 723 2175 τὴν
745 2096 803 2177 μέν
826 2099 863 2159 Μ.
887 2096 918 2179 5,
940 2097 959 2175 ἡ
983 2098 1016 2161 δ’
1037 2099 1113 2177 Ἄτη
1137 2101 1159 2161 l.
1185 2099 1212 2169 1,
1239 2097 1287 2160 11.
1308 2133 1350 2144 -
1372 2099 1498 2160 Enun·

332 2205 425 2264 tiata
454 2201 648 2262 conformavit
675 2219 799 2278 prorsus
827 2201 863 2261 ad
892 2201 1011 2261 modum
1034 2201 1224 2262 Homericum
1252 2201 1416 2280 simplicia,
1440 2203 1498 2261 mi·

332 2311 418 2373 nuta,
442 2301 612 2363 brevissimi
634 2299 778 2370 ambitus,
802 2302 832 2360 id
855 2302 1016 2381 quodcum
1040 2303 1097 2363 duo
1114 2303 1246 2383 exempla
1262 2303 1318 2362 Th.
1336 2299 1353 2361 1
1369 2309 1399 2362 et
1415 2303 1447 2362 A.
1468 2299 1497 2370 1,

333 2413 398 2467 tum
424 2406 623 2482 fragmentum
646 2402 851 2479 longissimum
873 2402 896 2463 Ι.
923 2402 938 2462 1
962 2404 1134 2482 planissime
1157 2405 1317 2465 declarant.

416 2504 622 2566 Verborum
656 2505 827 2564 delectus
860 2507 886 2565 is
914 2513 973 2576 est,
1007 2513 1040 2566 ut
1072 2508 1170 2567 omnia
1203 2507 1266 2566 lere
1295 2505 1437 2567 vocabula
1460 2525 1498 2566 ex

332 2609 461 2670 Homero
495 2607 649 2688 desumpta
682 2608 741 2667 sint
780 2615 830 2667 aut
862 2614 942 2666 certe
981 2606 1017 2667 ad
1052 2610 1118 2669 eius
1149 2608 1396 2668 consuetudinem
1429 2615 1497 2686 apte

333 2711 431 2771 eructa
453 2710 586 2788 exceptis
608 2707 730 2787 φατίζω
759 2716 789 2768 et
810 2705 1031 2789 μεταφημίῑω,
1060 2727 1135 2789 quae
1164 2711 1223 2770 iam
1250 2726 1341 2789 sopra
1369 2727 1497 2768 comme-

332 2819 446 2873 morata
469 2818 551 2882 sunt,
575 2807 704 2887 αὐχήειε
727 2810 782 2871 Th.
804 2807 841 2890 4,
864 2810 942 2890 quod
965 2812 1114 2871 novicium
1137 2819 1182 2871 est
1204 2809 1380 2871 adiectivum
1403 2817 1433 2870 et
1454 2810 1497 2870 le-

333 2916 412 2992 gitur
435 2921 592 2992 praeterea
614 2912 689 2991 Opp.
719 2910 776 2972 hal.
798 2907 829 2980 2,
852 2908 929 2980 611,
953 2909 1087 2988 ἀρχαῖο(
1115 2912 1170 2972 Th.
1197 2908 1223 2980 1,
1246 2906 1276 2980 2,
1300 2907 1439 2988 ἀρχῆθεν
1462 2913 1497 2972 A.

335 3013 363 3083 1,
385 3010 416 3083 2,
440 3012 647 3091 πολύδρομοε
661 3013 696 3074 Ε.
719 3010 750 3092 3,
772 3011 869 3091 κύβος
891 3013 914 3073 l.
937 3009 967 3091 2,
990 3010 1096 3075 citerior
1125 3013 1147 3072 l.
1170 3008 1206 3081 3,
1229 3030 1284 3092 pro
1306 3032 1366 3092 quo
1388 3013 1496 3074 Home·

335 3133 387 3176 rus
410 3114 535 3194 simplex
558 3111 618 3176 ἀίω
640 3117 740 3194 ponit,
770 3111 876 3192 ψόγος
899 3113 922 3174 l.
949 3112 976 3184 1,
999 3109 1035 3184 4;
1064 3132 1100 3174 ex
1122 3113 1275 3173 Hesiodi
1304 3113 1358 3175 Th.
1382 3110 1443 3176 511
1467 3122 1498 3174 et

335 3215 510 3295 Aeschyli
534 3215 636 3294 Suppl.
658 3211 722 3276 542
745 3217 905 3293 assumpsit
925 3211 1119 3293 ἁμαρτίνοο(
1140 3213 1162 3274 l.
1188 3212 1215 3284 1,
1241 3211 1258 3278 1
1282 3209 1350 3294 (cir.
1375 3215 1496 3276 Homeri

336 3313 535 3396 ἁμαρτοεπέε
564 3314 589 3378 Ν
618 3313 707 3394 824),
737 3335 772 3377 er
801 3315 953 3378 Hesiodi
983 3317 1037 3397 Op.
1066 3313 1129 3377 419
1157 3313 1303 3393 εὐοχθεῑν
1331 3316 1372 3377 ih.
1396 3313 1431 3387 9,
1460 3336 1496 3377 er

332 3418 488 3478 Pindari
519 3418 565 3479 ul.
589 3415 623 3486 1,
646 3413 702 3487 24,
732 3415 870 3498 Pyth.3,
895 3415 935 3479 13
967 3426 997 3479 et
1025 3417 1199 3497 Aeschyli
1226 3417 1325 3478 Prom.
1347 3414 1410 3479 563
1439 3414 1496 3496 ἀμ-

333 3517 449 3596 πλακίῃ
470 3519 512 3579 ih.
535 3515 591 3588 20,
616 3537 651 3578 ex
674 3518 850 3597 Aeschyli
873 3518 955 3598 Sept.
977 3515 1040 3579 483
1063 3515 1260 3595 ὑπέραυχοε,
1284 3518 1362 3599 quod
1384 3519 1496 3580 Meine·

334 3621 401 3681 hius
423 3621 445 3681 Ι.
472 3619 505 3690 1,
532 3618 570 3682 13
597 3622 746 3700 reposuit,
771 3639 806 3679 er
828 3619 1043 3698 Theognide
1058 3615 1121 3681 325
1136 3615 1307 3697 ἁμορτωλή
1322 3619 1364 3680 11).
1382 3616 1436 3689 12;
1460 3639 1496 3681 er

334 3721 530 3800 Euripidis
558 3723 647 3801 Hipp.
670 3718 735 3783 2110
762 3719 901 3798 εὔπηχνε
935 3722 976 3783 ih.
1008 3718 1061 3791 14,
1101 3719 1285 3800 ἐπιετείβειν
1318 3720 1357 3780 ih.
1387 3718 1425 3780 11
1460 3741 1496 3781 ex

334 3821 537 3900 Sophoclis
565 3821 598 3882 0.
629 3823 660 3883 C.
689 3818 745 3890 56;
776 3819 963 3897 ἐχεκτέανοε
990 3821 1030 3881 ih.
1060 3820 1078 3883 1
1107 3833 1205 3883 autem
1234 3823 1352 3883 videtur
1380 3825 1497 3903 primus

334 3942 511 4004 usurpasse,
534 3925 665 4003 itemque
688 3919 905 4000 ἑτερόρροπο(
928 3920 1004 3984 ih?
1026 3931 1056 3985 et
1071 3922 1287 4002 μετατρωχὰω
1310 3921 1418 3994 ihil,
1440 3925 1495 3986 hoc

334 4027 455 4107 quidem
479 4024 515 4086 ad
544 4025 707 4103 analogiam
731 4027 918 4088 Homericam
945 4027 1057 4087 fictum.
1103 4026 1148 4086 ‘ln
1176 4026 1336 4087 verborum
1365 4045 1496 4107 quorun·

334 4128 401 4188 dam
423 4145 480 4187 usu
503 4126 540 4187 ab
563 4127 720 4188 Homerica
744 4129 863 4188 dicendi
891 4128 1105 4189 consuetudine
1132 4129 1271 4198 recessit,
1301 4128 1390 4188 veluti
1418 4129 1496 4208 quod
1590 4131 1597 4144 '

333 4229 356 4289 Ι.
383 4226 409 4298 1,
435 4225 475 4288 12
497 4224 675 4306 ὑπεροπλίη
704 4230 847 4307 singulari
875 4249 1000 4290 numero
1029 4229 1119 4298 dixit,
1148 4237 1179 4289 et
1207 4229 1248 4290 ih.
1274 4226 1314 4290 10
1345 4230 1496 4292 πολυκοι-

335 4327 425 4410 ρανίη
450 4349 525 4390 novo
548 4330 675 4410 quodam
698 4331 786 4391 modo
814 4331 849 4391 de
873 4333 993 4410 imperii
1022 4331 1216 4410 amplitudine
1239 4333 1411 4409 usurpavit,
1441 4350 1496 4392 nec
