3340 5164
899 407 941 478 bl)

845 504 996 512 ———--—-

340 593 377 667 έν
398 603 434 666 δὲ
458 601 635 682 ῥυηφενίην
650 601 762 681 ἔβαλέ(
779 622 897 682 ςφιςιν,
921 600 957 666 ἐν
979 600 1013 665 δ’
1027 598 1097 664 ἅλις
1113 597 1215 678 ὄλβου
1238 607 1269 660 et
1283 599 1371 660 liion.
1386 599 1505 678 Perieg.

340 702 401 767 337
432 702 623 783 ῥνηφενέων
655 703 758 768 πέδον
792 703 931 781 ἀνδρῶν.
984 702 1180 763 lloederlinus
1208 701 1297 779 gloss,
1325 701 1366 761 lll
1392 718 1420 778 p.
1446 698 1507 761 166

342 824 369 865 n.
386 802 471 866 2192
485 807 544 866 buc
566 807 661 867 trahit
681 808 770 868 etiam
793 804 1003 883 ὑπεράφανος
1025 804 1102 882 apud
1118 803 1281 864 Pindarum
1297 802 1384 883 Pytb.
1401 801 1436 873 ll,
1453 799 1506 870 52,

343 907 420 969 unde
443 905 664 986 ὑπερηφανεῑν
688 909 852 969 derivatum
881 915 940 978 est,
969 923 1146 987 quamquam
1176 906 1233 966 hoc
1255 903 1431 964 vocabulum
1454 903 1506 964 alii

341 1006 429 1070 aliter
451 1009 616 1086 explicant:
639 1011 695 1071 clr.
718 1009 753 1070 G.
777 1010 897 1071 Curtius
918 1016 1009 1087 etym.
1031 1024 1077 1084 gr.
1100 1025 1129 1084 p.
1153 1002 1226 1067 261.
1249 1006 1435 1083 Roedigerus
1450 1004 1469 1064 l.
1488 1005 1507 1064 Ι.

340 1128 370 1188 p.
394 1109 446 1172 27.
469 1108 521 1172 32.

292 1191 335 1256 14
427 1214 445 1273 b
471 1208 519 1272 12.
549 1211 717 1272 Narrantur
739 1212 864 1273 Menelai
888 1219 917 1272 et
939 1211 993 1272 filii
1015 1217 1046 1270 et
1066 1210 1144 1270 tiliae
1167 1211 1289 1286 nuptiae
1313 1208 1462 1286 duplices:

385 1311 425 1374 10
468 1311 526 1376 υἱέι
548 1313 584 1376 δὲ
607 1310 790 1389 (πάρτηθεν
812 1311 998 1388 Ἀλέκτορος
1020 1309 1115 1387 ἤγετο
1138 1309 1275 1390 κούρην,

469 1412 506 1477 ὅς
529 1412 560 1476 oi
581 1411 754 1490 τηλύγετος
775 1412 889 1488 γένετο
912 1411 1066 1491 κρατερὸς
1090 1410 1302 1488 Μεγαπένθη(

468 1513 503 1578 έκ
526 1513 658 1591 δούλης·
681 1512 789 1599 Ἑλένῃ
812 1515 848 1577 δὲ
870 1513 940 1577 θεολ
959 1514 1061 1589 γόνον
1084 1511 1194 1576 οὐκέτ’
1216 1510 1371 1592 ἔφαινον,

469 1614 537 1678 ἐπεὶ
560 1616 599 1693 δὴ
621 1615 659 1678 τὸ
681 1618 814 1693 πρῶτον
837 1613 982 1690 ἐγείνατο
998 1614 1091 1678 παῖδ’
1112 1613 1296 1694 ἐρατεινήν,

466 1715 649 1796 Ἑρμιόνην,
679 1717 698 1793 ἣ
721 1713 808 1780 εἶδος
831 1715 884 1793 ἔχε
907 1715 1038 1794 χρυςέης
1059 1714 1260 1795 Ἀφροδίτης.

342 1816 615 1900 8οδο1.Ἑλένῃ·
643 1817 678 1881 ἐν
705 1824 742 1900 τῇ
770 1818 850 1881 κατὰ
871 1817 999 1881 Ῥιανόν
1026 1815 1077 1880 καὶ
1099 1815 1329 1894 Ἀριςτοφάνην
1351 1814 1507 1894 Ἑλένης

342 1919 398 1983 ςύν
424 1925 470 2002 τῷ
493 1940 517 1983 ς.
540 1920 579 1980 M.
603 1921 639 1980 Vt
654 1927 820 1981 structurae
843 1920 1002 1980 verborum
1025 1921 1092 1999 plus
1114 1921 1325 1978 concinnitatis
1339 1918 1508 1979 vindicaret

342 2029 373 2081 et
395 2024 531 2099 opposita
564 2023 644 2082 inter
666 2040 698 2082 se
727 2024 893 2082 sententiae
916 2020 1050 2082 membra
1084 2021 1180 2098 magis
1203 2020 1339 2089 ellerret,
1373 2020 1508 2080 Rhianus

341 2123 440 2184 dativo
462 2123 581 2184 videtur
602 2122 770 2201 genetivum
792 2121 984 2201 praetulisse,
1008 2123 1059 2201 qui
1083 2129 1133 2181 aut
1156 2118 1190 2182 ἐκ
1205 2119 1415 2197 παραλλήλου
1438 2139 1507 2181 cum

341 2223 376 2286 ἐκ
398 2222 517 2301 δούλης
545 2225 673 2302 positum
702 2225 954 2301 praepositionem
985 2221 1019 2286 ἐκ
1041 2223 1171 2302 requirit
1192 2225 1371 2300 cogitatione
1395 2224 1507 2300 repeti-

341 2333 400 2385 tam
424 2332 475 2385 aut
496 2344 512 2385 a
534 2323 637 2399 γόνον
658 2324 791 2402 pende-re
814 2324 989 2401 cogitandus
1011 2331 1066 2384 est.
1096 2323 1169 2384 Mihi
1190 2326 1274 2402 prior
1296 2325 1507 2401 interpretatio

342 2427 437 2503 magis
460 2425 588 2495 arridet,
623 2444 680 2504 qua
710 2426 757 2495 nt,
792 2433 826 2485 ut
858 2433 1018 2505 utrumque
1045 2424 1211 2485 membrum
1240 2425 1416 2486 simillimam
1440 2443 1506 2486 ver·

343 2526 449 2588 borum
473 2527 739 2587 conformationem
762 2527 879 2588 babeat.
926 2527 1083 2588 Praeterea
1112 2545 1183 2588 vero
1205 2526 1290 2586 verbi
1313 2524 1440 2604 φαίνειν
1463 2529 1508 2587 ris

343 2647 376 2688 ac
400 2633 531 2705 potestas
553 2645 611 2688 non
634 2636 681 2687 est
702 2628 798 2688 ‘darc’
821 2630 882 2688 sive
905 2628 1050 2698 ‘donare’,
1079 2629 1131 2688 sed
1155 2629 1197 2688 ‘in
1221 2628 1316 2690 lucem
1339 2628 1451 2701 edere',
1475 2636 1508 2688 ut

343 2732 490 2791 sententia
514 2729 639 2808 prodeat
662 2731 815 2809 aptissima
848 2728 937 2789 baec:
961 2729 1108 2790 ‘Menelao
1126 2730 1175 2790 dei
1198 2747 1234 2790 ex
1257 2727 1369 2789 lielena
1391 2729 1505 2806 prolem

344 2850 403 2892 non
426 2832 555 2910 amplius
576 2831 607 2891 in
630 2831 726 2892 lucem
749 2832 930 2900 ediderunt',
952 2849 1020 2890 nam
1044 2833 1074 2890 in
1090 2838 1225 2890 veterum
1240 2831 1393 2892 hominurn
1417 2833 1506 2893 mori·

345 2933 401 2995 bus
423 2935 512 2994 situm
536 2940 616 3003 erat,
646 2941 679 2992 ut
704 2933 797 3010 patris
824 2935 1013 3012 potissimum
1040 2931 1130 2992 liberi
1154 2950 1218 2993 esse
1241 2935 1381 3013 patrique
1403 2952 1418 2994 a
1441 2933 1507 2993 deis

343 3035 404 3094 dati
418 3051 483 3094 esse
495 3033 677 3096 dicerentur.
686 3030 721 3112 ³⁶)
745 3033 883 3094 Ceterum
897 3052 933 3093 ne
946 3034 1016 3112 quid
1029 3035 1285 3111 praetermittatur
1300 3034 1379 3113 quod
1390 3034 1507 3095 Rhiano

343 3137 457 3205 laveat,
481 3154 514 3195 ex
538 3135 671 3196 editione
693 3134 734 3195 La
757 3135 860 3196 Rocbii
884 3135 1073 3204 adnotamus,
1102 3135 1221 3195 codices
1243 3134 1332 3204 lHL,
1355 3136 1407 3214 qui
1429 3137 1506 3213 opti·

344 3238 401 3296 mis
423 3237 670 3306 adnumerantur,
694 3235 837 3297 exhibere
861 3233 973 3312 έλένης
996 3244 1027 3297 et
1048 3239 1079 3297 in
1102 3237 1167 3297 cod.
1191 3236 1271 3298 Harl.
1296 3236 1338 3305 H,
1361 3238 1414 3316 qui
1436 3236 1506 3296 olim

344 3340 477 3399 onmium
510 3337 782 3415 praestantissimus
809 3337 1001 3408 censebatur,
1033 3335 1126 3414 έλένη
1154 3338 1212 3416 legi
1240 3354 1329 3415 supra
1358 3340 1507 3416 scriptae

342 3441 458 3510 littera,
494 3439 573 3499 unde
595 3446 716 3517 praeter
745 3440 971 3516 Aristophanem
1005 3440 1095 3499 ctiam
1128 3438 1194 3500 aliis
1225 3444 1327 3516 postea
1360 3439 1506 3517 placuisse

344 3543 503 3603 lectionem
526 3539 691 3601 libianearn
714 3548 845 3618 apparet.

295 3635 338 3702 lb
430 3661 446 3705 e
474 3640 537 3703 296
565 3640 616 3706 καὶ
645 3639 764 3720 Βορέης
791 3639 1091 3722 αἰθρηγενέτης,
1125 3640 1205 3719 μέγα
1231 3644 1312 3721 κῦμα
1339 3642 1506 3706 κυλίνδων.

343 3743 385 3804 λθ
402 3744 480 3804 bunc
502 3762 622 3804 versum
637 3746 768 3820 pertinet
790 3744 937 3804 scholion:
960 3743 998 3804 τὸ
1020 3742 1055 3804 δ’
1076 3740 1359 3820 αἰθρηγενέτης
1382 3741 1507 3806 Ῥιανὸς

343 3910 544 3921 ----

411 4026 455 4093 36)
473 4025 517 4079 Ad
534 4025 607 4080 banc
625 4026 803 4094 sententiam,
822 4044 906 4095 quam
924 4026 1056 4098 exemplis
1078 4028 1199 4097 probare
1220 4027 1266 4081 vix
1290 4042 1359 4098 opus
1377 4029 1432 4095 ost,
1456 4029 1506 4083 cfr.

349 4109 460 4165 Wexius
472 4109 540 4178 prol.
559 4110 594 4164 ad
608 4109 692 4179 Soph.
706 4111 769 4164 Ant.
788 4129 817 4180 p.
838 4117 883 4165 74:
902 4111 1076 4166 ‘Liberorum
1090 4127 1200 4180 quoque
1218 4112 1310 4166 minor
1326 4111 1409 4166 fuisse
1431 4112 1506 4166 vide-

344 4197 391 4248 tur
407 4194 436 4248 in
454 4191 563 4248 feminis
581 4195 688 4261 graecia
707 4210 797 4261 amor,
816 4194 882 4262 quia
899 4197 981 4264 paler
997 4196 1061 4262 bos,
1080 4195 1175 4250 suavi
1198 4213 1233 4250 ex
1255 4195 1359 4250 femina
1376 4197 1506 4264 progeni-

345 4283 401 4344 tos,
419 4281 554 4346 tanquam
572 4278 700 4347 proprios
718 4277 771 4332 sibi
788 4279 962 4346 vindicabat,
980 4281 1011 4333 ut
1028 4280 1131 4334 femina
1144 4281 1222 4347 quasi
1234 4296 1314 4334 servo
1332 4279 1508 4348 emancipata

345 4363 405 4416 uiro
424 4363 464 4416 illi
482 4363 535 4416 hoc
552 4362 718 4432 procreandi
736 4363 855 4418 officium
873 4365 1018 4434 praestare
1036 4365 1139 4418 debere
1157 4364 1320 4418 videretur.’
