3340 5164
856 335 898 400 ld

298 535 358 586 turn
375 524 449 589 ὼςεί
464 525 528 588 τιν’
550 523 701 605 ἀτίμητον
724 527 919 606 μετανάςτην
935 533 1093 611 pertineat.
1125 529 1182 589 Sed
1206 531 1307 607 priore
1331 530 1407 600 loco,
1430 531 1465 591 in

296 647 355 708 quo
378 647 445 688 cum
469 628 590 689 Achillis
611 648 739 708 persona
769 650 827 692 non
852 632 1025 710 designetur
1046 631 1236 711 pronomine,
1266 630 1465 709 μετανάςτην

297 731 463 790 necessario
495 730 530 790 ad
564 730 698 792 Briseida
734 731 809 811 (τήν)
845 734 961 794 videtur
998 733 1188 793 referendum
1223 753 1304 803 esse,
1323 763 1327 770 ·
1346 742 1464 794 veteres

296 832 483 908 grammatici
512 834 591 893 varia
618 840 821 904 tentaverunt,
857 836 885 895 id
917 835 996 914 quod
1026 834 1122 894 elucet
1151 853 1186 894 ex
1217 835 1351 904 scholiis,
1386 855 1462 915 quae

297 933 345 992 hic
367 933 465 992 omnia
488 933 630 994 subiciam
654 952 776 996 necesse
801 943 861 996 est:
1328 933 1330 937 ’

305 1036 309 1043 “
381 1032 646 1111 μετανὰςτην·
686 1035 721 1099 ἐν
755 1040 792 1117 τῇ
828 1036 1116 1117 Μαςςιλιωτικῇ
1151 1035 1200 1098 καὶ
1232 1041 1270 1120 τῇ
1303 1035 1463 1102 Ῥιανοῦ

296 1138 575 1216 μεταναςτεῑν,
603 1135 653 1199 καὶ
680 1136 831 1200 ἀκούουςι
858 1139 916 1215 τὴν
946 1137 1100 1215 Βριςηῖδα.
1130 1136 1265 1200 ἐδόκουν
1295 1137 1331 1200 δὲ
1354 1137 1463 1216 ἀτιμό-

296 1257 383 1315 repon
406 1234 488 1300 εἶναι
511 1235 541 1300 οἱ
563 1237 702 1314 μέτοικοι
725 1237 771 1301 ὡς
794 1239 845 1302 διὰ
867 1239 1041 1317 μοχθηρίαν
1069 1237 1200 1316 τρόποιν
1223 1238 1280 1302 τὰς
1302 1237 1385 1302 ἰδία(
1406 1259 1462 1302 κα-

296 1338 497 1403 ταλιπόντες.
522 1339 616 1402 «κατὰ
639 1339 733 1406 ξένου
756 1340 925 1419 μετοίκου»
949 1339 967 1402 δ
990 1339 1134 1417 κωμικός.
1163 1340 1195 1398 V.

309 1467 313 1475 ¹
382 1439 480 1515 δμὲν
507 1435 762 1519 Ἀρίςταρχος
788 1441 907 1520 γράφει
939 1440 1198 1520 μεταναςτήν,
1226 1441 1278 1504 καὶ
1300 1441 1382 1520 πρὸς
1403 1447 1462 1518 τὴν

298 1539 444 1619 Βριςηΐδα
467 1539 590 1605 ἀκούει·
614 1542 633 1604 δ
656 1543 691 1605 δὲ
713 1541 955 1620 Ἡρωδιανὸς
978 1541 1149 1620 αἰτιατικὴν
1166 1541 1237 1604 ἀντὶ
1252 1539 1377 1618 γενικῆς
1400 1562 1462 1620 φη-

297 1643 361 1718 ςίν,
383 1641 431 1705 ἵν’
453 1643 488 1725 ᾗ,
510 1639 554 1704 ὡς
578 1642 612 1706 ἐκ
633 1643 741 1721 χειρὸς
763 1641 915 1722 ἀτιμήτου
938 1643 1134 1722 μετανάςτου
1158 1641 1319 1721 ἀφείλετο.
1343 1644 1414 1706 BL.

380 1743 400 1820 ἡ
424 1743 535 1824 διπλῆ,
560 1742 609 1806 ὅτι
638 1743 710 1808 ἀντὶ
731 1749 789 1808 τοῦ
818 1743 970 1825 ἀτιμήτου
998 1743 1207 1824 μετανάςτου,
1238 1743 1283 1808 ὡς
1310 1743 1348 1806 τὸ
1379 1743 1462 1806 «ἐπεί

299 1844 334 1923 μ’
357 1843 514 1923 apotecas
536 1864 573 1920 γε
597 1845 724 1909 δόντες»
751 1847 784 1926 (Α
806 1844 879 1926 299)
904 1845 975 1910 ἀντὶ
997 1849 1055 1909 τοῦ
1071 1845 1160 1924 ἐμοῦ.
1185 1849 1218 1908 A.

383 1945 467 2015 Quod
489 1946 624 2007 Rhianus
647 1948 861 2010 Massiliensem
886 1957 1006 2010 secutus
1017 1951 1153 2027 posuisse
1167 1948 1304 2018 traditur,
1328 1966 1462 2026 μετανα-

297 2049 402 2112 ςτεῑν
426 2067 485 2108 non
507 2055 607 2127 potest
629 2068 694 2110 esse
718 2068 775 2111 non
793 2051 996 2129 depravatum.
1028 2049 1089 2110 lam
1106 2051 1342 2110 emendationem
1359 2068 1460 2130 quam-

297 2152 341 2210 vis
363 2152 462 2211 causis
484 2169 544 2210 non
567 2150 674 2210 additis
697 2155 853 2232 proposuit
875 2150 1089 2212 Lobeckius
1110 2151 1202 2230 paral.
1226 2171 1255 2230 p.
1272 2147 1335 2211 433
1358 2171 1387 2211 n.
1403 2147 1460 2211 52:

298 2253 534 2332 κμεταναςτεῑν,
564 2253 643 2328 quod
666 2253 856 2314 Aristarchus
880 2253 907 2333 (l)
938 2273 973 2313 ex
1002 2252 1075 2314 Chia
1105 2251 1131 2331 (l)
1163 2254 1314 2330 recepisse
1342 2252 1459 2322 dicitur,

297 2352 369 2413 nihil
393 2352 472 2412 aliud
496 2371 560 2413 esse
589 2359 687 2433 potest
714 2372 801 2434 quam
824 2353 1039 2434 μετανάςτιν»,
1062 2372 1136 2434 quae
1165 2353 1334 2414 emendatio
1358 2371 1460 2433 quam·

297 2472 384 2533 quam
407 2455 439 2514 iu
461 2453 555 2515 lexica
579 2456 746 2536 multosque
770 2455 862 2516 libros
884 2456 957 2517 alios
980 2455 1210 2526 transiit‚ssmihi
1233 2473 1291 2515 non
1307 2454 1460 2533 probatur,

297 2555 348 2615 sed
372 2555 459 2615 aliam
482 2561 553 2633 pulo
576 2559 607 2616 in
630 2566 770 2637 promptu
794 2576 859 2618 esse
882 2556 1054 2626 medellam,
1084 2575 1159 2636 quae
1182 2558 1309 2617 diversis
1337 2555 1461 2615 scholia·

297 2665 409 2717 starum
434 2657 651 2719 adnotamentis
674 2662 841 2719 accuratius
856 2649 1044 2738 perlustratis
1059 2659 1137 2719 haud
1160 2660 1224 2719 sine
1248 2657 1461 2737 probabilitate

297 2767 399 2820 nostro
421 2759 491 2844 loco
509 2762 604 2839 possit
626 2758 774 2821 adhiberi.

395 2860 437 2922 Ac
474 2861 587 2924 scholio
615 2862 638 2922 A
676 2863 795 2941 quidem
825 2862 1034 2931 Aristarchus,
1073 2880 1161 2940 apuam
1199 2861 1280 2939 loqui
1315 2857 1335 2936 ἡ
1367 2860 1461 2936 διπλῆ

297 2963 399 3031 docet,
443 2981 500 3042 qua
542 2969 606 3024 erat
642 2964 746 3024 iudicii
784 2965 925 3033 sanitate,
971 2960 1194 3039 μετανάςτην
1238 2962 1274 3021 ad
1318 2961 1461 3024 Achillem

296 3065 393 3124 fertur
415 3063 580 3134 rettulisse,
604 3085 659 3144 pro
682 3068 820 3144 genetivo
844 3065 880 3126 ab
904 3060 938 3126 ἐκ
964 3068 1081 3141 χειρῶν
1104 3081 1248 3142 suspenso
1264 3064 1462 3124 accusativum

297 3166 427 3244 positum
463 3183 527 3226 esse
549 3174 633 3226 ratus
662 3167 697 3227 ad
722 3166 950 3227 similitudinem
973 3165 1163 3246 pervulgatae
1186 3172 1354 3225 structurae
1378 3164 1461 3224 verbi

297 3263 497 3345 ἀφαιρεῖςθαι
520 3283 586 3327 cum
611 3268 721 3348 duplici
755 3270 923 3330 accusativo
952 3267 1112 3328 coniuncti.
1157 3267 1238 3327 Vnde
1262 3267 1403 3340 allicitur,
1430 3274 1462 3325 ut

297 3368 470 3428 tralaticiam
493 3372 658 3430 servaverit
679 3374 859 3451 scripturam
888 3368 1091 3448 μετανάςτην.
1135 3368 1219 3440 Quod
1248 3386 1315 3428 cum
1345 3370 1383 3428 ita
1413 3370 1461 3435 sit,

296 3471 362 3532 fieri
395 3488 457 3530 non
488 3477 586 3549 potest
620 3474 695 3552 quin
723 3472 856 3533 scholion
886 3473 953 3541 BL,
988 3471 1040 3531 ubi
1074 3471 1203 3531 eundern
1237 3467 1461 3548 μεταναςτήν

297 3573 453 3649 scripsisse
477 3573 626 3634 intellecta
643 3573 779 3634 Briseide
802 3573 946 3650 legimus,
971 3572 1040 3633 vitio
1063 3571 1194 3641 laboret;
1219 3571 1269 3632 sed
1293 3571 1461 3631 remedium

297 3666 442 3752 quaerere
465 3673 588 3741 difficile
611 3695 670 3736 uon
693 3683 752 3747 est,
780 3677 859 3756 quia,
896 3693 961 3735 cum
998 3691 1073 3752 quae
1097 3673 1266 3734 Herodiano
1288 3671 1462 3733 tribuuntur
1544 3719 1549 3724 .

296 3791 419 3852 prorsus
447 3784 611 3851 congruant
639 3795 706 3837 cum
735 3776 847 3836 scholio
876 3775 914 3844 A,
943 3781 1061 3836 nomina
1090 3778 1130 3836 ita
1160 3775 1365 3834 commutanda
1396 3793 1461 3835 esse

296 3881 392 3954 patet,
417 3883 449 3934 ut
471 3893 525 3953 pro
548 3876 717 3938 Herodiano
739 3877 957 3952 Aristarchum,
988 3896 1042 3957 pro
1065 3877 1237 3938 Aristarcho
1260 3875 1460 3938 Herodianum

297 3973 532 4059 reponamusffl)
563 3978 613 4040 Sic
635 3980 708 4040 haec
731 3981 841 4060 optime
864 3982 943 4041 inter
966 3999 996 4040 se
1020 3986 1228 4042 consentanea.
1260 3978 1374 4038 Deinde
1389 3997 1460 4038 voro

365 4214 407 4279 31)
426 4211 470 4266 Sic
492 4209 577 4280 igilur
594 4212 757 4282 legendum:
785 4214 801 4267 ὁ
828 4215 880 4280 μὲν
908 4215 1118 4282 Ἡρωδιανὸς
1144 4214 1246 4281 γράφει
1273 4213 1459 4280 μεταναςτὴν,

297 4298 426 4364 καὶπρὸς
443 4301 497 4366 τὴν
511 4299 641 4367 Βριςηῑδα
653 4300 759 4353 ἀκούει·
778 4301 794 4353 ὁ
813 4299 843 4352 δὲ
862 4299 1084 4368 Ἀρίςταρχυς
1103 4299 1260 4366 αἰτιατικὴν
1273 4299 1336 4352 ἀντὶ
1348 4303 1461 4365 γενικῆς
